2748 4144
509 205 800 280 mannaan

614 433 694 499 VII.

320 578 460 660 (Romae.
504 578 641 657 Metello,
662 578 792 642 Marcio
813 599 885 644 coss.
908 578 994 664 686.)

474 724 612 789 C1cano
633 723 778 788 Arrrco
801 724 834 789 S.

249 857 353 942 Apud
377 868 516 924 matrem
537 870 623 925 recte
646 871 704 937 est,
721 882 825 944 eaque
844 862 937 925 nobis
956 882 1052 925 curae
1066 870 1124 926 est

186 960 224 1024 L.
242 959 355 1026 Cincio
372 957 433 1029 HS
450 974 553 1024 xch
570 962 724 1025 constitui
740 983 794 1025 me
808 971 995 1026 curaturum
1012 961 1126 1025 Idibus

186 1061 378 1126 Februariis.
421 1072 457 1126 tu
477 1062 576 1126 velim
598 1084 646 1139 ea,
660 1084 746 1146 quae
769 1063 863 1128 nobIs
885 1062 1004 1127 emisse
1018 1072 1052 1126 et
1067 1084 1125 1146 pa·

185 1183 274 1226 rasse
295 1163 419 1242 scribis,
434 1163 493 1227 des
513 1185 649 1248 operam
665 1174 817 1247 utquam
840 1165 982 1246 primum
1006 1165 1127 1228 habea·

186 1286 268 1339 muS,
291 1274 325 1329 et
346 1265 443 1329 velim
466 1267 600 1347 cogites,
622 1266 655 1328 id
678 1268 768 1348 quod
791 1265 870 1327 mihi
896 1264 1060 1348 pollicitus
1083 1285 1126 1333 es,

185 1388 285 1450 quern
300 1367 496 1431 admodum
512 1366 745 1431 bibliothecam
761 1368 855 1431 nobis
870 1366 1029 1431 conficere
1051 1387 1126 1449 pos·

185 1471 240 1533 sis.
293 1490 426 1534 omnem
458 1490 551 1552 spem
588 1469 815 1533 delectationis
844 1478 985 1546 nostrae,
1016 1488 1126 1551 quam,

185 1593 289 1656 quum
309 1573 342 1635 in
365 1573 474 1637 ocium
491 1574 684 1650 venerimus,
698 1574 819 1637 habere
835 1572 996 1649 volumus,
1013 1572 1046 1634 in
1068 1581 1128 1635 tua

184 1674 391 1738 humanitate
412 1674 554 1756 positam
576 1674 744 1739 habemus

603 1933 702 1999 VIII.

304 2076 446 2161 (Romae.
488 2075 613 2153 Pisone,
639 2077 811 2143 Glabrone
830 2098 901 2143 coss.
924 2078 1009 2161 687.)

478 2231 617 2295 C1caao
638 2230 783 2296 An'nco
805 2231 838 2296 S.

255 2399 279 2445 1.
322 2381 426 2465 Apud
452 2390 486 2445 te
515 2391 574 2457 est,
599 2391 636 2446 ut
661 2382 820 2446 volumus.
871 2391 977 2445 mater
1005 2391 1063 2446 tua
1093 2393 1127 2448 et

186 2503 278 2547 soror
291 2503 312 2546 a
326 2502 380 2546 me
395 2482 587 2565 Quintoque
609 2483 707 2548 tratre
722 2483 875 2566 diligitur.
919 2503 995 2547 cum
1009 2483 1126 2548 Acuti·

185 2585 231 2649 lio
253 2605 327 2647 sum
352 2583 490 2648 locutus.
530 2585 558 2647 is
582 2584 645 2648 sibi
672 2594 772 2667 negat
792 2605 812 2647 a
832 2605 893 2648 suo
917 2593 1127 2666 procuratore

186 2686 367 2769 quidquam
391 2686 549 2769 scriptum
573 2707 652 2763 esse,
669 2696 703 2751 et
723 2687 860 2750 miratur
880 2687 978 2750 istam
999 2696 1127 2750 contro·

185 2787 325 2850 versiam
336 2786 435 2850 fuisse
446 2787 536 2868 quod
551 2786 606 2851 ille
621 2796 783 2851 recusaret
798 2787 879 2851 satis
893 2787 972 2851 dare
985 2787 1127 2869 amplius

185 2889 246 2953 abs
260 2898 294 2953 te
308 2908 375 2952 non
389 2888 465 2970 peti
508 2890 600 2971 quod
614 2898 649 2953 te
663 2889 706 2953 de
721 2888 874 2953 Tadiano
889 2888 1026 2972 negocio
1040 2889 1127 2952 deci-

185 2992 273 3056 disse
292 2991 412 3066 scribis,
429 2991 462 3054 id
485 3012 547 3075 ego
562 2991 669 3056 Tadio
684 3001 718 3057 et
732 3001 863 3076 gratum
884 3013 956 3058 esse
978 2992 1126 3059 intellexi

185 3102 219 3158 et
234 3113 355 3176 magno
374 3114 472 3176 opere
490 3094 676 3159 iucundum
726 3094 781 3158 ille
797 3104 907 3160 noster
925 3096 1059 3173 amicus,
1077 3097 1127 3160 vir

185 3193 370 3259 mehercule
392 3196 538 3278 optimus
562 3204 595 3259 et
617 3195 697 3258 mihi
721 3195 945 3271 amicissimus,
967 3215 1046 3259 sane
1066 3197 1125 3262 tibi

184 3294 287 3359 iratus
306 3304 365 3359 est.
408 3295 471 3359 hoc
493 3295 521 3358 si
543 3296 657 3378 quanti
681 3305 718 3360 tu
742 3298 897 3360 aestimes
918 3298 1029 3373 sciam,
1053 3305 1125 3361 tum

185 3397 265 3479 quid
281 3396 361 3459 mihi
377 3395 612 3461 elaborandum
624 3399 667 3462 sit
677 3398 759 3463 scire
774 3400 904 3480 possIm
944 3415 974 3463 2.
996 3399 1034 3462 L.
1048 3396 1125 3462 Cin-

184 3500 236 3563 cio
252 3500 314 3565 HS
334 3514 441 3570 cem
464 3514 569 3570 celon
591 3514 682 3566 cccc
698 3523 758 3585 pro
773 3502 874 3585 signis
890 3500 1072 3585 Megaricis,
1089 3510 1125 3565 ut

184 3610 221 3664 tu
243 3601 286 3664 ad
305 3622 359 3666 me
378 3601 561 3685 scripseras,
576 3604 694 3668 curavi.
733 3603 880 3669 Hermae
899 3602 949 3667 tui
969 3602 1123 3667 Pentelici
