2748 4144
555 211 629 268 Lm.
648 211 671 268 r.
696 211 755 268 ΕΡ.
774 225 799 284 5.
1130 223 1146 282 7

205 388 278 432 esse
301 366 352 429 cui
375 365 453 427 dare
475 363 599 427 litteras
619 385 770 446 possem:
800 383 897 444 porro
912 373 1023 427 autem
1040 384 1147 446 neque

205 469 288 531 mihi
304 467 421 530 accidit
437 476 473 529 ut
488 467 643 529 haberem
655 469 710 548 qui
727 468 759 531 in
777 467 913 547 Epirum
930 467 1147 549 proficiscere-

126 649 127 652 *
204 582 268 646 tur,
281 570 479 652 nequedum
496 580 529 633 te
541 571 683 633 Athenis
699 591 770 633 esse
785 568 1007 632 audiebamus,
1050 588 1079 648 4
1104 572 1146 632 de

205 672 397 735 Acutiliano
418 681 528 733 autem
551 672 688 753 negocio
703 670 791 751 quod
814 669 893 731 mihi
910 670 1093 744 mandaras
1109 682 1147 730 ut

206 776 348 858 primum
372 796 391 837 a
417 785 474 841 tuo
497 775 643 854 digressu
661 774 802 835 Romam
826 772 907 846 veni,
931 771 1143 845 confeceram,

205 879 264 941 sed
285 880 402 941 accidit
422 887 457 939 ut
480 887 513 940 et
532 878 741 939 contentione
764 874 843 937 nihil
858 896 941 956 opus
957 885 1043 939 esset
1058 886 1091 939 et
1107 886 1144 938 ut

206 1001 275 1062 ego,
292 981 347 1062 qui
369 982 399 1041 in
422 990 456 1041 te
479 979 558 1041 satis
581 979 704 1041 consilii
727 979 896 1041 statuerim
916 999 993 1053 esse,
1011 978 1142 1040 mallem

206 1082 411 1146 Peducaeum
439 1082 497 1143 tibi
524 1083 694 1144 consilium
726 1101 784 1163 per
812 1080 936 1143 litteras
959 1101 1058 1162 quam
1089 1100 1141 1142 me

203 1186 288 1247 dare.
334 1185 455 1246 etenim
471 1202 573 1264 quum
598 1183 719 1244 multos
742 1183 811 1244 dies
834 1202 928 1244 aures
949 1202 1038 1244 meas
1053 1180 1142 1243 Acu-

202 1288 271 1351 tilio
298 1289 471 1358 dedissem,
498 1286 589 1348 cuius
619 1287 777 1347 sermonis
804 1304 907 1366 genus
936 1283 995 1346 tibi
1025 1292 1140 1346 notum

202 1411 272 1454 esse
288 1392 433 1464 arbitror,
451 1408 516 1451 non
539 1389 618 1450 mihi
640 1409 738 1469 grave
759 1388 928 1450 duxissem
943 1387 1083 1451 scribere
1097 1387 1139 1448 ad

199 1500 234 1554 te
250 1492 292 1554 de
307 1491 393 1553 illius
409 1491 626 1573 querimoniis,
638 1510 739 1570 quum
756 1510 811 1551 eas
827 1489 948 1564 audire,
965 1488 1054 1569 quod
1070 1498 1139 1551 erat

200 1595 423 1669 subodiosum‚
448 1592 517 1655 leve
542 1602 718 1672 putassem.
763 1591 821 1653 sed
844 1591 903 1652 abs
925 1598 959 1652 te
981 1591 1061 1671 ipso
1082 1592 1138 1672 qui

201 1714 255 1756 me
279 1714 419 1768 accusas,
437 1713 517 1754 unas
542 1692 620 1753 mihi
644 1693 725 1755 scito
748 1692 872 1754 litteras
895 1693 1038 1755 redditas
1058 1713 1137 1763 esse,

200 1811 302 1871 quum
332 1799 365 1852 et
395 1790 455 1851 ocii
486 1789 527 1851 ad
558 1789 766 1850 scribendum
792 1787 865 1869 plus
892 1798 925 1851 et
948 1787 1137 1851 facultatem

200 1892 301 1953 dandi
329 1891 485 1952 maiorem
509 1889 671 1951 habueris.
724 1903 749 1967 5.
776 1889 864 1970 quod
892 1889 1011 1963 scribis,
1038 1891 1136 1953 etiam

198 1995 226 2056 si
249 1994 339 2057 cuius
362 1994 488 2055 animus
511 1994 592 2054 inte
609 2002 693 2054 esset
712 1992 873 2066 offensior,
890 2013 909 2054 a
927 2012 978 2055 me
994 1993 1136 2075 recolligi

199 2106 357 2178 oportere,
376 2095 497 2178 [teneo]
518 2094 597 2175 quid
622 2094 719 2166 dicas,
737 2113 842 2174 neque
865 2094 898 2155 id
922 2094 1061 2176 neglexi,
1078 2098 1135 2158 sed

199 2208 248 2260 est
264 2199 345 2259 miro
361 2197 504 2278 quodam
521 2195 621 2257 modo
636 2195 792 2257 adfectus.
838 2216 900 2276 ego
916 2206 1035 2272 autem,
1051 2217 1136 2278 quae
1219 2218 1220 2221 ’

198 2303 337 2366 dicenda
358 2301 487 2362 suerunt
508 2299 549 2361 de
571 2309 613 2374 te,
635 2318 700 2360 non
724 2299 894 2378 praeterii:
921 2299 1000 2379 quid
1023 2310 1134 2363 autem

197 2404 462 2466 contendendum
479 2410 563 2464 esset
579 2422 622 2463 ex
637 2412 695 2462 tua
711 2400 870 2480 putabam
885 2400 1053 2463 voluntate
1069 2410 1134 2463 sta-

197 2515 288 2567 tuere
310 2514 479 2587 oportere:
502 2524 600 2585 quam
617 2503 644 2564 si
660 2502 702 2564 ad
719 2522 771 2564 me
794 2503 1023 2584 perscripseris,
1040 2504 1134 2566 intel-

197 2607 277 2688 liges
303 2627 354 2669 me
381 2626 487 2687 neque
510 2605 749 2686 diligentiorem
773 2625 844 2668 esse
870 2605 1010 2669 voluisse
1033 2626 1132 2687 quarn

195 2718 231 2771 tu
255 2730 350 2785 esses,
366 2730 471 2789 neque
492 2706 760 2791 negligentiorem
783 2709 850 2771 sore
866 2729 965 2790 quam
989 2719 1024 2774 tu
1044 2710 1131 2774 velis.

194 2810 224 2873 6.
263 2812 305 2872 de
320 2810 468 2872 Tadiana
488 2831 529 2884 re,
547 2829 675 2871 mecum
690 2809 815 2871 Tadius
830 2810 957 2872 locutus
974 2821 1023 2874 est
1037 2821 1072 2875 te
1086 2812 1133 2875 ita

194 2912 367 2994 scripsisse,
385 2911 464 2973 nihil
480 2931 551 2973 esse
567 2911 630 2972 iam
647 2912 735 2992 quod
751 2910 958 2987 laboraretur,
975 2914 1131 2993 quoniam

193 3010 357 3073 hereditas
378 3032 436 3073 usu
460 3020 558 3092 capta
578 3019 671 3073 esset.
715 3010 748 3072 id
771 3012 971 3073 mirabamur
989 3023 1023 3075 te
1041 3015 1131 3096 igno·

194 3132 273 3187 rare,
289 3112 331 3175 de
351 3111 455 3197 tutela
479 3112 633 3193 legitima,
651 3113 682 3173 in
698 3133 764 3193 qua
779 3112 897 3175 dicitur
918 3134 989 3176 esse
1011 3116 1129 3197 puella,

193 3216 273 3278 nihil
300 3238 359 3279 usu
384 3217 456 3299 capi
483 3239 587 3300 posse.
642 3232 669 3297 7.
701 3218 902 3299 Epiroticam
929 3219 1129 3300 emptionem

191 3316 322 3397 gaudeo
352 3317 411 3381 tibi
443 3317 578 3399 placere.
622 3339 707 3399 quae
731 3320 789 3381 tibi
814 3320 966 3382 mandavi
990 3330 1023 3382 et
1044 3341 1129 3402 quae

192 3426 227 3480 tu
251 3419 412 3500 intelliges
434 3422 604 3483 convenire
628 3431 739 3484 nostro
754 3421 950 3497 Tusculan0,
964 3422 1070 3497 velim,
1092 3435 1128 3487 ut

191 3522 313 3597 scribis
329 3542 428 3597 cures
446 3523 534 3604 quod
556 3523 625 3584 sine
641 3522 791 3585 molestia
806 3531 863 3585 tua
878 3522 983 3585 facere
998 3525 1126 3605 poteris.

192 3643 267 3686 nam
284 3643 344 3685 nos
360 3644 403 3685 ex
419 3625 569 3687 omnibus
591 3625 747 3688 molestiis
762 3633 795 3687 et
810 3624 975 3689 laboribus
991 3646 1056 3689 uno
1072 3627 1127 3691 illo
