2748 4144
508 261 584 321 Lm.
601 261 624 320 1.
649 262 707 320 nn.
727 261 770 319 16.
1073 275 1108 335 η

175 410 279 473 bonos
301 407 400 472 iidem
412 427 547 562 wpps,
568 430 651 492 quos
678 410 845 492 reliquisti,
867 410 955 493 apud
980 410 1110 474 sordem

176 508 264 572 urbis
292 515 326 572 et
355 507 480 571 faecem
510 510 616 573 multo
646 511 762 574 melius
789 531 883 587 nunc,
910 532 1010 594 quam
1041 512 1111 577 reli·

176 611 283 693 quisti.
313 629 390 672 nam
406 620 440 674 et
455 611 535 674 illud
546 613 640 675 nobis
656 633 721 675 non
770 579 950 688 ’Ἥετῐ
963 622 1110 676 nostrum

176 713 401 776 testimonium
425 732 490 775 non
512 634 774 777 valuisse—»iiis
837 723 887 778 est
908 716 1041 796 sanguis
1063 716 1110 778 in-

176 814 283 879 vidiae
304 814 374 877 sine
397 815 655 896 dolore—atque
678 817 777 878 etiam
800 815 862 878 hoc
883 817 996 897 magis,
1022 817 1110 897 quod

177 934 291 979 omnes
313 914 359 977 illi
385 915 528 978 lautores
557 914 642 980 illius
673 917 786 998 flagitii
812 938 880 981 rem
904 918 1110 981 manifestam

178 1018 268 1081 illam
305 1018 509 1098 redemptam
547 1039 618 1081 esse
652 1040 672 1081 a
708 1021 869 1083 iudicibus
894 1020 1110 1083 confitentur:

178 1120 312 1194 accedit,
327 1119 416 1201 quod
433 1118 488 1181 illa
503 1120 699 1208 contimralis
718 1120 835 1209 him-do
857 1122 979 1196 aerarii,
995 1121 1112 1183 misera

179 1240 217 1284 ac
231 1220 338 1283 ieiuna
352 1219 531 1301 plebecula,
547 1240 600 1282 me
620 1222 664 1285 ab
683 1221 745 1284 hoc
765 1222 891 1303 Magno
908 1223 1002 1285 unice
1022 1220 1111 1302 diligi
1285 1248 1368 1323 W,

179 1330 283 1404 putat,
307 1330 340 1384 et
361 1321 491 1385 hercule
521 1321 626 1384 multa
650 1331 683 1385 et
713 1324 854 1386 iucunda
877 1274 1294 1447 εοηευετυάίηῆηνὲἰὲ
1347 1308 1354 1329 ”

179 1424 343 1501 coniuncti
368 1423 453 1486 inter
476 1443 534 1491 nos
557 1444 677 1499 sumus,
693 1433 921 1522 usqfflut
941 1425 1043 1486 nostri
1060 1424 1112 1486 isti

180 1524 407 1588 comissatores
422 1516 661 1598 coniurationis,
678 1525 841 1588 barbatuli
857 1526 998 1599 iuvenes,
1019 1524 1113 1586 illum

181 1628 214 1690 in
234 1615 436 1693 sermonibus
456 1625 603 1689 Cnaeu‘m
627 1627 818 1691 Ciceronem
840 1627 1014 1710 appellent
1052 1629 1113 1690 ita·

181 1748 245 1812 que
263 1736 296 1792 et
312 1728 395 1790 ludis
414 1738 447 1790 et
462 1729 695 1810 gladiatoribus
719 1731 882 1793 mirandas
901 1730 1115 1810 ἐπισημασίας

180 1832 251 1893 sine
269 1828 336 1892 ulla
354 1824 525 1912 pastoricia
546 1829 654 1897 fistula
674 1829 908 1894 auferebarnus.
958 1847 1004 1895 12.
1028 1853 1114 1902 nunc

182 1941 233 1995 est
244 1903 574 2012 exspectatioiffgens
590 1903 802 2006 comitiorum,
816 1934 848 1995 in
865 1952 948 2013 quae
964 1933 1115 1996 omnibus

183 2033 291 2096 invitis
320 2031 422 2094 trudit
451 2040 561 2093 noster
593 2030 733 2113 Magnus
763 2033 844 2095 Auli
873 2032 984 2105 filium,
1016 2042 1115 2113 atque

183 2136 216 2196 in
231 2138 279 2198 *eo
301 2153 408 2215 neque
428 2134 620 2198 auctoritate
642 2153 749 2215 neque
771 2136 877 2216 gratia
900 2142 1033 2217 pugnat,
1057 2118 1133 2213 sedl

165 2236 300 2318 'quibus
324 2234 490 2316 Philippus
514 2237 624 2298 omnia
652 2234 787 2299 castella
810 2238 993 2318 expugnari
1019 2255 1116 2316 posse

184 2338 321 2409 dicebat,
338 2338 370 2399 in
381 2355 474 2418 [quae
491 2336 589 2398 modo
608 2335 725 2398 asellus
748 2347 883 2399 onustus
902 2357 981 2399 auro
1006 2344 1116 2417 posset
1134 2364 1137 2401 t

185 2438 367 2502 ascendere.
412 2437 523 2500 consul
539 2446 649 2499 autem
670 2437 733 2513 ille,
751 2438 937 2515 Doterionis
952 2437 1116 2501 histrionis
1133 2440 1136 2451 '

184 2539 306 2614 similiS,
329 2540 508 2619 suscepisse
530 2540 701 2620 negocium
724 2539 842 2611 dicitur
863 2547 897 2617 et
921 2537 1009 2601 dorni
1036 2538 1144 2600 divi·‹

185 2662 273 2705 sores
295 2640 433 2703 habere:
463 2640 552 2721 quod
576 2636 641 2721 ego
665 2660 730 2702 non
747 2639 862 2702 credo.
906 2641 964 2701 sed
986 2647 1117 2701 senatus

186 2741 335 2806 consulta
357 2742 423 2804 duo
438 2742 504 2804 iam
527 2740 717 2815 factasunt,
733 2740 856 2816 odiosa,
872 2740 960 2821 quod
985 2742 1018 2802 in
1041 2760 1118 2804 con-

186 2845 290 2908 sulem
313 2843 399 2907 sacta
428 2850 591 2925 putantur,
619 2841 745 2905 Catone
771 2834 804 2903 et
835 2842 981 2904 Domitio
1008 2852 1119 2923 postu-

187 2947 284 3022 lante,
307 2963 417 3019 unum,
445 2953 482 3006 ut
506 2943 594 3025 apud
621 2946 830 3024 magistratus
853 2944 969 3024 inquiri
999 2944 1118 3018 liceret,

186 3048 335 3120 alterum,
357 3047 446 3110 cuius
466 3046 556 3107 dorni
577 3044 732 3107 divisores
755 3042 949 3116 habitarent,
966 3046 1119 3106 adversus

188 3169 255 3212 rem
284 3124 506 3230 publicamss
519 3162 564 3225 13.
602 3146 708 3208 Lurco
739 3156 849 3209 autem
877 3147 1024 3209 tribunus
1052 3146 1119 3228 ple-

189 3252 238 3315 bis
266 3248 352 3335 [est]‚
377 3249 442 3329 qui,
471 3250 698 3329 magistratum
724 3246 855 3330 simul†
876 3257 988 3311 contra
1013 3249 1120 3330 legem

187 3350 320 3414 Aeliam
356 3351 436 3422 iniit,
471 3348 598 3411 solutus
634 3358 684 3410 est
714 3358 747 3410 et
778 3347 876 3411 Aelia
904 3357 937 3411 et
964 3348 1058 3410 Fufia
1085 3358 1121 3411 ut

188 3453 295 3536 legem
319 3452 362 3514 de
387 3449 512 3513 ambitu
539 3448 602 3511 ferr
692 3468 768 3511 uam
790 3448 846 3512 ille
869 3451 955 3513 bono
978 3451 1126 3531 auspicio

188 3553 324 3619 claudus
352 3552 452 3615 homo
481 3570 540 3632 pro
577 3571 597 3611 u
610 3553 709 3631 gavit.
754 3552 799 3613 ita
823 3554 953 3613 comitia
983 3554 1015 3613 in
1045 3561 1125 3619 ante

189 3656 276 3719 diem
297 3667 336 3717 VI
359 3652 437 3717 Kal.
461 3651 553 3717 Sext
577 3652 680 3716 dilata
698 3661 783 3717 sunt.
828 3654 903 3714 novi
925 3656 1025 3716 estin
1049 3654 1123 3736 lege

304 3798 364 3852 nc.
1017 3769 1038 3830 4
