2748 4144
226 270 263 311 ω
386 224 686 346 ners‘rOLARuM
713 248 772 307 AD
801 244 997 306 rancun

226 410 261 464 ct
289 399 386 463 simul
414 400 463 463 vis
492 400 574 462 scire
599 419 666 482 quo
695 400 795 463 modo
825 418 888 480 ego
917 398 1024 461 minus
1060 417 1160 481 quam

190 508 195 518 '
226 497 350 561 soleam
379 496 556 579 proeliatus
586 496 667 559 sim:
705 496 911 577 respondebo
941 496 1000 558 tibi
1030 492 1162 578 ὕστερον

226 597 388 682 πρότερον,
403 596 589 680 Ὁμηρικῶς.
635 618 698 681 ego
720 598 818 672 enim,
833 617 933 680 quam
952 599 1008 661 diu
1029 607 1162 662 senatus

226 703 403 765 auctoritas
425 700 503 762 mihi
520 698 727 762 defendenda
742 698 811 774 suit,
826 701 873 763 sic
886 700 1004 764 acriter
1018 708 1052 762 et
1066 700 1163 764 vehe-

228 811 356 865 menter
383 800 561 884 proeliatus
597 819 679 873 sum,
704 809 740 863 ut
770 800 894 864 clamor
921 820 1163 881 concursusque

229 905 377 968 maxima
391 924 466 967 curn
482 922 555 966 mea
572 901 669 965 laude
689 902 812 967 fierent.
856 904 944 984 quod
965 905 992 968 si
1010 904 1071 968 tibi
1092 924 1163 966 um-

229 1023 328 1085 quam
351 1021 424 1065 sum
446 1003 533 1063 visus
555 1001 588 1062 in
610 1020 644 1063 re
666 999 797 1081 publica
822 1000 921 1077 sortis,
944 1011 1030 1067 certe
1053 1021 1107 1064 me
1129 1002 1163 1063 in

229 1104 285 1167 illa
314 1123 411 1166 causa
441 1103 620 1165 admiratus
649 1122 744 1165 esses
788 1122 890 1183 quum
920 1105 1006 1166 enim
1037 1104 1090 1166 ille
1119 1103 1163 1166 ad

230 1204 398 1269 contiones
428 1202 625 1284 confugisset
654 1202 687 1264 in
716 1202 819 1285 iisque
849 1223 923 1267 meo
953 1204 1084 1267 nomine
1120 1205 1163 1267 ad

230 1305 386 1369 invidiam
399 1314 550 1378 uteretur,
567 1304 599 1365 di
615 1304 835 1369 immortales!
858 1326 940 1387 quas
960 1326 1021 1388 ego
1037 1326 1163 1388 pugnas

230 1417 265 1470 et
279 1415 418 1490 quantas
433 1415 558 1487 strages
573 1405 661 1468 edidi
675 1406 682 1470 l
699 1426 781 1487 quos
796 1408 937 1488 impetus
953 1409 986 1470 in
1003 1408 1162 1482 Pisonem,

230 1509 264 1570 in
295 1507 479 1581 Curionem,
503 1506 537 1568 in
566 1514 672 1568 totam
702 1507 792 1570 illam
823 1527 957 1571 manum
987 1507 1068 1572 fecii
1098 1529 1163 1590 quo

232 1609 332 1672 modo
362 1629 435 1696 sum
458 1609 636 1671 insectatus
658 1607 826 1671 levitatem
849 1629 972 1685 senum,
996 1608 1163 1673 libidinem

232 1709 427 1773 iuventutis!
470 1727 577 1788 saepe,
594 1708 640 1770 ita
655 1728 709 1771 me
724 1708 756 1772 di
776 1708 906 1772 iuvent!
928 1719 962 1773 te
977 1730 1042 1773 non
1059 1710 1164 1792 solum

232 1820 399 1874 auctorem
420 1809 627 1873 consiliorum
648 1829 805 1886 meorum,
819 1831 932 1873 verum
953 1813 1052 1874 etiam
1075 1833 1165 1894 spec·

233 1921 374 1975 tatorem
417 1931 600 1995 pugnarum
648 1912 855 1976 mirificarum
903 1914 1092 1980 desideravi.
1138 1931 1166 1978 2.

233 2023 349 2096 postea
363 2033 440 2076 vero
454 2031 553 2094 quam
571 2012 767 2075 Hortensius
783 2013 992 2094 excogitavit,
1009 2023 1045 2076 ut
1060 2014 1166 2096 legem

234 2118 277 2179 de
300 2116 454 2198 religione
478 2115 588 2177 Fufius
609 2115 758 2177 tribunus
787 2113 891 2196 plebis
915 2114 1019 2192 ferret,
1044 2117 1075 2178 in
1102 2136 1168 2196 qua

234 2219 315 2283 nihil
344 2217 433 2283 aliud
463 2240 483 2282 a
512 2219 672 2282 consulari
701 2219 870 2300 rogatione
906 2219 1078 2283 differebat
1106 2220 1167 2282 nisi

235 2324 379 2387 iudicum
395 2322 574 2405 genus—in
590 2342 629 2385 eo
644 2330 755 2385 autem
778 2331 871 2385 erant
891 2324 1168 2406 omnia—pugna-

235 2430 347 2510 vitque
374 2434 410 2489 ut
433 2426 480 2487 ita
505 2424 605 2498 fieret,
631 2423 721 2504 quod
742 2431 775 2486 et
800 2422 862 2486 sibi
889 2432 922 2487 et
945 2424 1016 2487 aliis
1040 2444 1169 2505 persua-

235 2540 322 2593 serat
337 2528 433 2592 nullis
448 2527 539 2590 illum
552 2525 713 2590 iudicibus
728 2525 870 2608 effugere
884 2548 998 2610 posse:
1020 2529 1168 2592 contraxi

236 2630 310 2694 vela
347 2631 544 2712 perspiciens
582 2629 727 2711 inopiam
762 2627 915 2704 iudicum,
953 2650 1058 2710 neque
1098 2629 1169 2692 dixi

237 2730 418 2812 quidquam
433 2751 493 2812 pro
508 2730 704 2806 testimonio,
720 2729 781 2791 nisi
802 2731 891 2811 quod
911 2740 980 2794 erat
994 2732 1041 2794 ita
1055 2742 1170 2795 notum

238 2843 338 2914 atque
360 2841 527 2905 testatum,
543 2840 579 2894 ut
602 2851 667 2894 non
689 2850 820 2913 possem
836 2831 1017 2913 praeterire.
1060 2832 1171 2915 itaque

238 2937 265 2998 si
295 2954 429 2998 causam
459 2935 588 3016 quaeris
617 2934 840 3010 absolutionis,
870 2943 906 2997 ut
935 2934 1001 2996 iam
1030 2959 1108 3019 προς
1137 2934 1174 2998 τὸ

238 3034 392 3121 πρότερον
407 3042 555 3109 revertar,
573 3044 702 3117 egestas
717 3033 861 3098 iudicum
877 3032 938 3097 suit
953 3035 1172 3116 etturpitudo

239 3137 273 3199 id
295 3142 406 3198 autem
433 3141 469 3195 ut
494 3133 664 3209 accideret,
689 3132 899 3195 commissum
928 3141 978 3195 est
1005 3133 1173 3196 Hortensii

240 3235 384 3309 consilio,
400 3233 551 3316 quidum
566 3232 687 3296 veritus
702 3240 752 3295 est
767 3251 809 3294 ne
825 3231 937 3295 Fufius
953 3233 981 3295 ei
997 3231 1061 3314 legi
1077 3234 1174 3296 inter-

240 3337 379 3408 cederet,
404 3353 488 3414 quae
514 3353 557 3395 ex
583 3341 715 3396 senatus
741 3330 890 3394 consulto
915 3331 1085 3409 ferebatur,
1109 3352 1175 3396 non

241 3438 324 3499 vidit
347 3435 426 3497 illud
450 3435 551 3496 satius
571 3454 641 3496 esse
660 3433 750 3496 illum
769 3432 802 3494 in
826 3433 959 3497 infamia
981 3435 1177 3517 relinquiae

242 3534 391 3598 sordibus
405 3554 505 3616 quarn
521 3535 649 3597 infirmo
661 3534 779 3596 iudicio
791 3535 960 3598 committi.
989 3538 1048 3598 sed
1059 3537 1176 3601 ductus

242 3639 320 3705 odio
341 3639 528 3720 properavit
554 3657 622 3700 rem
646 3638 807 3701 deducere
832 3636 866 3700 in
888 3638 1052 3716 iudicium,
1075 3661 1175 3722 quum
