2748 4144
261 221 299 277 28
420 218 720 278 EPISTOLARUM
748 217 806 275 AD
834 214 1030 277 ATTICUM

259 370 331 442 hoc,
355 380 399 447 ut,
423 393 487 485 (22¹,
501 392 545 434 nu
634 372 674 445 jn
697 369 799 432 tribus
821 371 1049 451 pronunciarit,
1073 370 1100 431 si
1120 389 1191 432 non

257 472 393 548 dederit,
419 475 551 554 impune
576 480 638 534 srt:
665 473 715 533 sin
742 471 878 545 dederit,
908 479 944 533 ut
968 470 1078 552 quoad
1101 473 1191 535 vivat

257 572 392 655 singulis
417 574 564 636 tribubus
592 572 653 636 HS
684 586 742 640 cta
772 585 830 640 010
860 585 918 640 cm
948 572 1074 635 debeat.
1120 573 1190 637 dixi

257 677 341 741 hanc
356 676 462 759 legem
476 678 507 740 P.
525 676 677 740 Clodium
694 679 757 739 iam
774 684 850 739 ante
864 696 1029 738 servasse:
1048 695 1189 756 pronun-

256 779 341 839 ciare
356 779 443 839 enim
457 776 589 840 solitum
605 797 675 840 esse
698 787 731 838 et
752 797 818 839 non
834 777 921 838 dare.
966 775 1024 838 sed
1038 775 1119 840 heus
1134 778 1189 840 tu!

255 878 390 941 videsne
419 879 624 942 consulatum
654 879 744 942 illum
774 898 833 942 nos
887 898 919 941 m
959 899 1056 960 quem
1091 878 1189 944 Curio

255 989 352 1042 antea
368 976 547 1043 ἀποθέωσιν
561 980 709 1054 vocabat,
725 981 752 1043 si
848 999 885 1043 ac
902 1000 938 1041 us
959 981 1027 1054 erit,
1044 978 1188 1042 fabulam

255 1082 390 1142 mimum
407 1079 572 1143 futurum?
615 1100 680 1161 qua
698 1100 740 1155 re,
754 1088 790 1142 ut
805 1081 928 1163 opinor,
944 1079 1186 1164 φιλοσοφητέον,
1305 1151 1314 1161 ,

254 1181 287 1243 id
316 1181 405 1263 quod
431 1192 467 1243 tu
498 1181 585 1254 facis,
612 1190 646 1243 et
676 1183 754 1244 istos
783 1180 970 1244 consulatus
999 1201 1065 1244 non
1095 1146 1338 1282 floccil'fffll

253 1282 389 1345 sacteon.
453 1300 498 1360 14
529 1281 618 1363 quod
648 1282 691 1343 ad
720 1301 774 1344 me
801 1282 923 1358 scribis,
945 1291 979 1344 te
1007 1283 1040 1344 in
1070 1279 1184 1343 Asiam
1247 1270 1301 1370 Υ

252 1386 404 1447 statuisse
419 1404 484 1446 non
500 1385 552 1458 ire,
570 1382 721 1464 equidem
737 1381 868 1444 mallem
884 1391 919 1443 ut
935 1384 1004 1455 ires,
1021 1400 1059 1442 ac
1073 1401 1185 1443 vereor

253 1485 387 1565 nequid
403 1486 435 1547 in
451 1486 514 1547 ista
529 1504 563 1546 re
579 1485 684 1545 minus
701 1484 872 1546 commode
892 1482 958 1545 fiat.
1000 1483 1058 1547 sed
1074 1491 1183 1559 tamen

253 1603 318 1646 non
348 1604 480 1666 possum
510 1583 746 1666 reprehendere
775 1582 943 1647 consilium
969 1593 1070 1663 tuum,
1093 1604 1183 1665 prae-

251 1686 361 1746 sertim
384 1704 486 1765 quum
508 1694 640 1765 egomet
662 1687 695 1747 in
718 1686 917 1766 provinciam
940 1706 1005 1747 non
1027 1688 1089 1748 sim
1112 1706 1184 1768 pro·
1197 1702 1221 1745 s·

251 1784 360 1848 fectus.
414 1798 459 1863 15.
486 1787 730 1867 epigrammatis
751 1787 824 1861 tuis,
845 1806 930 1868 quae
951 1788 983 1848 in
1004 1785 1183 1849 Amaltheo

250 1888 396 1971 posuisti,
424 1889 580 1950 contenti
617 1888 746 1962 erimus,
783 1891 974 1970 praesertim
1009 1910 1111 1970 quum
1151 1900 1184 1953 et

252 1989 376 2053 Chilius
411 2010 481 2063 nos
505 1989 669 2070 reliquerit
699 1999 732 2052 et
768 1976 924 2054 Archias
940 1992 1019 2054 nihil
1053 1993 1094 2055 de
1130 2011 1183 2054 me

250 2092 421 2172 scripserit,
438 2110 476 2152 ac
491 2111 604 2153 vereor
619 2112 668 2163 ne,
686 2092 829 2156 Lucullis
852 2096 1006 2175 quoniam
1023 2093 1182 2158 Graecum

249 2193 367 2277 poema
403 2194 558 2269 condidit,
588 2215 674 2259 nunc
707 2194 750 2258 ad
785 2194 1004 2289 Caecilianam
1038 2194 1181 2259 fabulam

248 2305 381 2378 spectet.
425 2296 469 2359 16.
496 2296 650 2359 Antonio
666 2305 723 2359 tuo
738 2300 869 2361 nomine
883 2301 1005 2386 gratias
1020 2300 1080 2379 egi,
1096 2319 1182 2362 eam·

247 2418 311 2481 que
341 2398 511 2479 epistolam
543 2397 668 2473 Manlio
696 2390 801 2462 dedis
833 2400 875 2463 ad
912 2409 946 2462 te
973 2401 1048 2463 ideo
1083 2411 1181 2464 antea

246 2502 347 2569 rarius
376 2502 496 2593 scripsi,
527 2501 616 2582 quod
646 2521 711 2587 non
742 2500 904 2563 habebam
942 2502 1096 2564 idoneum
1130 2504 1180 2566 oui

243 2604 359 2669 „darem
389 2624 450 2670 nec
478 2607 557 2671 satis
585 2604 728 2689 sciebam
758 2623 824 2685 quo
855 2604 977 2666 darem.
1021 2603 1118 2674 valde
1147 2613 1180 2666 te

244 2704 416 2771 =vindicavi.
475 2721 520 2786 17.
554 2705 684 2793 Cincius
707 2707 734 2768 si
754 2706 833 2787 quid
852 2705 896 2768 ad
916 2725 970 2768 me
989 2707 1036 2767 tui
1054 2693 1179 2787 negocii

244 2805 407 2882 detulerit,
429 2809 610 2889 suscipiam.
654 2807 713 2870 sed
737 2826 824 2870 nunc
854 2809 958 2888 magis
985 2808 1017 2869 in
1039 2826 1099 2883 suo
1129 2817 1180 2870 est

243 2919 432 2991 occupatus,
447 2914 479 2974 in
496 2932 562 2992 quo
577 2931 639 2992 ego
655 2912 684 2973 ei
702 2930 769 2973 non
786 2908 907 2972 desum.
952 2919 998 2987 tu,
1014 2912 1041 2973 si
1059 2929 1124 2973 uno
1146 2913 1179 2973 in

246 3010 319 3079 ,loco
343 3030 377 3074 es
402 3012 536 3087 futurus,
550 3012 687 3075 crebras
702 3032 722 3074 a
742 3010 838 3074 nobis
853 3011 988 3073 litteras·
1003 3020 1178 3094 exspecta:

246 3121 297 3177 ast
320 3111 426 3194 plures
448 3112 549 3175 etiam
572 3114 642 3195 ipse
665 3113 798 3175 mittito
858 3112 903 3175 18.
935 3111 1032 3176 velim
1058 3112 1101 3175 ad
1126 3134 1179 3177 me

245 3216 366 3283 scribas
383 3217 473 3279 cuius
489 3216 579 3278 modi
594 3217 636 3278 sit
647 3211 839 3294 ‘Apahdeiov
853 3223 959 3293 tuum,
974 3236 1039 3298 quo
1054 3227 1178 3293 ornatu,

245 3336 311 3398 qua
332 3313 513 3400 τοποθεσίᾳ,
530 3324 563 3382 et
585 3336 670 3398 quae
692 3321 846 3398 poemata
866 3337 1012 3399 quasque
1030 3318 1178 3384 historias

245 3420 286 3485 de
300 3414 478 3502 Ἀμαλθείᾳ
492 3417 594 3481 habes
609 3416 652 3480 ad
668 3437 721 3480 me
737 3417 857 3481 mittas.
880 3419 971 3482 lubet
981 3420 1060 3485 mihi
1076 3421 1179 3485 lacere

245 3520 277 3585 in
296 3517 458 3599 Arpinati.
502 3539 564 3600 ego
582 3520 642 3583 tibi
660 3519 783 3600 aliquid
798 3519 840 3582 de
856 3522 936 3583 meis
959 3523 1086 3604 scriptis
1104 3525 1179 3584 mit·

243 3628 323 3682 tam.
368 3619 447 3682 nihil
463 3629 533 3683 erat
547 3617 698 3683 absoluti.
