2748 4144
232 286 270 361 38
395 284 696 345 nursromnuu
723 283 782 342 Ao
809 281 1006 344 Arrrcun

230 446 306 490 nem
323 444 389 488 non
405 424 598 502 reiiciebam,
615 435 651 488 ut
662 446 740 509 ager
753 424 816 490 hac
830 424 1013 490 adventicia
1027 425 1166 507 pecunia

231 538 401 603 emeretur,
414 548 499 617 quale
514 550 557 591 ex
573 530 665 593 novis
680 529 895 611 vectigalibus
910 550 969 611 per
983 530 1165 616 quinquen·

231 630 321 692 nium
337 630 540 712 reciperetur.
570 629 646 693 huic
660 631 723 692 toti
738 630 855 693 rationi
871 632 1017 713 agrariae
1032 639 1165 693 senatus

231 731 473 805 adversabatur,
488 731 657 811 suspicans
674 730 832 812 Pompeio
851 751 969 794 novam
985 732 1164 813 quamdam

231 834 413 917 potentiam
434 833 554 913 quaeri.
599 832 774 913 Pompeius
797 853 875 896 vero
898 834 941 896 ad
960 833 1164 897 voluntatem

231 937 441 1019 perferendae
465 936 547 1015 legis
572 935 772 999 incubuerat.
816 957 879 1018 ego
905 947 1016 1000 autem
1043 957 1165 1020 magna

231 1059 306 1103 cum
332 1037 529 1119 agrariorum
552 1032 667 1116 gratia
681 1036 916 1101 confirmabam
939 1038 1084 1100 omnium
1100 1038 1165 1119 pri·

230 1149 381 1202 vatorum
397 1137 688 1220 possessiones-is
703 1138 789 1200 enim
806 1147 856 1207 est
872 1153 982 1202 noster
1002 1138 1165 1202 exercitus

231 1241 410 1313 hommum,
422 1247 458 1301 ut
469 1247 541 1300 tute
552 1240 623 1312 scis,
637 1236 902 1328 locupletium-,
919 1238 1042 1321 populo
1054 1248 1164 1301 autem

231 1349 265 1404 et
284 1339 561 1420 Pompeio-nam
578 1339 611 1402 id
627 1358 759 1420 quoque
777 1339 1052 1403 volebam-satis
1070 1338 1166 1403 facie·

231 1442 308 1507 bam
331 1442 505 1522 emptione,
527 1461 593 1521 qua
616 1442 795 1504 constituta
816 1442 990 1523 diligenter
1010 1452 1043 1504 et
1066 1442 1166 1504 senti·

231 1563 308 1606 nam
323 1543 412 1605 urbis
426 1542 589 1605 exhauriri
610 1550 643 1605 et
660 1542 776 1605 Italiae
791 1543 1001 1606 solitudinem
1017 1542 1166 1624 frequen·

231 1647 292 1709 tari
312 1665 409 1727 posse
432 1644 620 1707 arbitrabar.
665 1643 724 1708 sed
746 1643 829 1707 haec
849 1654 920 1706 tota
942 1663 992 1707 res
1013 1645 1165 1726 interpel-

232 1748 300 1810 lata
330 1745 418 1808 bello
453 1745 630 1808 refrixerat.
676 1744 829 1809 Metellus
865 1754 915 1808 est
944 1745 1057 1808 consul
1086 1766 1166 1813 sane

231 1847 338 1908 bonus
358 1854 390 1907 et
406 1864 465 1905 nos
485 1844 664 1907 admodum
685 1846 799 1928 diligit
844 1845 898 1908 ille
918 1845 1000 1909 alter
1019 1847 1066 1909 ita
1086 1847 1166 1910 nihil

233 1956 291 2021 est,
306 1956 343 2009 ut
363 1946 460 2028 plane
480 1947 558 2027 quid
574 1948 689 2010 emerit
704 1950 835 2012 nesciat.
885 1962 912 2027 5.
942 1949 1023 2012 haec
1041 1951 1165 2013 suntin

234 2047 422 2130 republica,
445 2048 505 2110 nisi
521 2049 620 2111 etiam
641 2048 721 2111 illud
736 2048 779 2112 ad
795 2070 863 2112 rem
884 2050 1050 2132 publicam
1068 2060 1166 2133 putas
1197 2115 1199 2119 ,

232 2151 402 2232 pertinere,
428 2148 632 2212 Herennium
652 2152 839 2231 quemdam,
860 2148 1026 2214 tribunum
1050 2151 1164 2234 plebis,

232 2250 384 2315 tribulem
399 2260 502 2326 tuum,
517 2271 597 2315 sane
611 2251 778 2314 hominem
795 2271 936 2333 nequam
951 2260 1052 2334 atque
1067 2271 1166 2334 egen·

232 2364 309 2429 tem,
324 2373 422 2435 saepe
437 2354 502 2415 iam
519 2353 561 2415 de
577 2352 610 2416 P.
627 2350 744 2415 Clodio
760 2353 802 2415 ad
818 2353 948 2434 plebem
963 2351 1167 2415 traducendo

233 2475 330 2538 agere
345 2455 509 2537 coepisse:
531 2454 607 2516 huic
625 2453 811 2534 frequenter
825 2455 1041 2518 interceditur.
1083 2452 1167 2518 haec

233 2568 317 2635 sunt,
339 2569 375 2621 ut
395 2560 519 2641 opinor,
538 2557 572 2619 in
590 2556 780 2638 republica.
823 2557 852 2620 6.
897 2577 959 2639 ego
982 2566 1102 2632 autem,
1129 2564 1166 2618 ut

233 2661 334 2725 semel
352 2661 522 2723 Nonarum
537 2660 666 2722 illarum
679 2659 912 2722 Decembrium
926 2662 1069 2723 iunctam
1084 2660 1166 2722 invi·

234 2764 289 2826 dia
318 2754 360 2827 ac
386 2761 565 2825 multorum
594 2760 771 2824 inimicitiis
800 2762 956 2825 eximiam
986 2761 1165 2843 quamdam

233 2875 333 2948 atque
359 2862 579 2926 immortalem
602 2862 741 2945 gloriam
770 2872 963 2927 consecutus
992 2882 1074 2936 sum,
1100 2882 1166 2925 non

232 2968 344 3032 destiti
359 2967 475 3029 eadem
491 2965 592 3029 animi
608 2965 835 3046 magnitudine
854 2966 887 3027 in
903 2985 937 3028 re
952 2963 1083 3047 publica
1097 2983 1167 3027 ver·

233 3070 296 3133 sari
322 3078 356 3133 et
379 3067 469 3130 illam
493 3067 676 3130 institutam
700 3086 739 3128 ac
761 3077 949 3156 susceptam
969 3067 1167 3158 dignitatem

234 3172 325 3257 tueri,
346 3171 404 3234 sed
418 3179 535 3254 postea
550 3188 652 3251 quam
673 3171 815 3251 primum
833 3169 940 3233 Clodii
962 3170 1168 3234 absolutione

234 3273 403 3337 levitatem
444 3272 734 3353 infirmitatemque
772 3273 964 3336 iudiciorum
1001 3272 1167 3354 perspexi,

234 3372 353 3468 deinde
372 3373 439 3437 vidi
459 3381 587 3436 nostros
605 3372 797 3455 publicanos
818 3373 912 3473 facile
932 3395 952 3437 a
971 3383 1087 3437 senatu
1103 3373 1168 3436 dis·

234 3473 332 3555 iungi,
348 3493 549 3555 quamquam
565 3493 585 3535 a
601 3493 654 3536 me
669 3472 741 3553 ipso
761 3492 828 3536 non
843 3474 1082 3550 divellerentur,
1096 3481 1167 3536 turn

234 3584 346 3637 autem
360 3575 475 3638 beatos
494 3574 749 3638 homines-hos
771 3575 960 3657 piscinarios
985 3576 1067 3650 dico,
1088 3574 1168 3638 ami-

234 3696 291 3740 cos
306 3686 500 3751 tuos-non
520 3676 657 3742 obscure
675 3678 769 3740 nobis
788 3679 939 3754 invidere,
955 3675 1168 3762 putavimihi
