2748 4144
485 260 562 319 LIB.
579 261 602 320 1.
627 262 685 321 ΕΡ.
704 264 828 334 14-16.
947 343 950 349 .
1019 327 1021 331 ,
1090 284 1125 325 21

191 410 298 473 travit.
343 417 379 471 tu
395 409 553 472 mandata
568 409 667 485 effice,
684 431 769 491 quae
788 410 944 492 recepisti.
984 410 1127 492 Quintus

193 520 298 595 frater,
315 519 370 599 qui
385 516 571 600 Argiletani
587 518 724 580 aedificii
747 518 907 599 reliquum
931 516 1124 580 dodrantem
1150 514 1155 522 ’

188 616 282 682 'emit'
307 618 367 681 HS
398 630 557 694 Dccxxv,
587 618 810 681 Tusculanum
840 619 996 693 venditat,
1022 626 1067 694 ut,
1098 622 1124 683 si

73 752 75 763 =
191 719 302 801 possit,
318 728 406 781 emat
423 718 620 780 Pacilianam
643 718 787 781 domum.
833 739 907 781 cum
927 719 1068 782 Lucceio
1091 721 1125 782 in

72 812 74 823 '
190 819 329 900 'gratiam
360 820 438 882 redi.
493 820 591 882 video
625 820 792 881 hominem
822 820 919 883 valde
948 820 1122 901 petiturire.

190 916 316 982 navabo
331 940 474 1001 operam.
519 930 555 981 tu
571 920 650 1001 quid
673 940 761 1001 agas,
776 919 831 982 ubi
851 921 903 995 sis,
919 921 1011 982 cuius
1033 921 1123 982 modi

188 1024 271 1083 istae
284 1041 335 1083 res
350 1023 416 1084 sint
430 1020 481 1084 lac
497 1041 550 1083 me
565 1041 664 1103 quam
681 1021 929 1103 diligentissime
943 1021 1121 1086 certiorem.

189 1122 271 1187 Idib.
288 1122 379 1186 Febr.
391 1154 393 1160 ·

621 1241 694 1306 XV.

315 1372 454 1455 (Romae.
498 1372 650 1450 Messala,
666 1374 785 1438 Pisone
807 1395 879 1440 cass.
896 1374 983 1458 693.)
1098 1350 1100 1353 Ι

473 1508 611 1574 Crcuno
633 1509 779 1574 Arrrco
803 1509 837 1574 S.

253 1660 279 1707 1.
323 1642 441 1706 Asiam
467 1643 599 1725 Quinto,
623 1643 815 1706 suavissimo
839 1641 1120 1727 fratri-obtigisse

185 1744 323 1808 audisti:
353 1765 418 1807 non
445 1747 532 1808 enim
558 1746 674 1809 dubito
703 1745 781 1826 quin
812 1744 946 1808 celerius
971 1745 1031 1808 tibi
1056 1745 1120 1810 hoc

186 1865 296 1909 mmor
330 1866 430 1927 quam
459 1846 555 1908 ullius
585 1856 732 1908 nostrum
768 1845 896 1908 litterae
926 1847 1118 1911 nunciarint.

184 1967 272 2010 nunc
290 1947 446 2028 quoniam
463 1956 496 2009 et
512 1947 618 2009 laudis
639 1945 817 2010 avidissimi
840 1966 970 2027 semper
991 1946 1119 2023 fuimus,

185 2058 218 2112 et
229 2057 358 2131 praeter
372 2059 517 2111 caeteros
529 2048 718 2132 φιλέλληνες
733 2058 766 2112 et
777 2069 888 2111 sumus
904 2058 937 2112 et
950 2049 1117 2128 habemur,

185 2163 218 2216 et
247 2153 424 2216 multorum
453 2152 530 2214 odia
559 2161 659 2233 atque
685 2151 870 2213 inimicitias
894 2152 939 2214 rei
968 2151 1119 2233 publicae

178 2276 282 2317 causa
296 2255 505 2336 suscepimus,
522 2252 673 2330 παντοίης
696 2250 807 2335 ἀρετῆς
829 2250 1011 2333 μιμνήσκεο,
1027 2251 1118 2318 cura-

184 2375 249 2436 que
263 2364 296 2418 et
311 2353 401 2417 effice
416 2364 452 2417 ut
467 2355 510 2416 ab
522 2354 673 2417 omnibus
687 2364 720 2416 et
732 2353 903 2416 laudemur
917 2363 951 2417 et
962 2374 1117 2421 amemur.

185 2477 213 2522 2.
242 2458 294 2521 his
312 2459 354 2521 de
372 2458 467 2520 rebus
490 2459 583 2539 plura
600 2458 646 2520 ad‘
663 2468 697 2521 te
713 2459 745 2520 in
762 2479 800 2520 ea
817 2456 954 2538 epistola
970 2456 1117 2533 scribam,

184 2581 284 2644 quam
307 2561 368 2643 ipsi
392 2558 517 2640 Quinto
539 2561 636 2623 dabo.
681 2567 718 2621 tu
749 2579 802 2621 me
825 2557 923 2619 v'elim
947 2557 1118 2621 certiorem

132 2727 139 2736 ,
184 2664 282 2727 facias
310 2663 388 2744 quid
411 2662 453 2725 de
476 2662 557 2725 meis
578 2662 744 2725 mandatis
767 2661 880 2744 egeris,
901 2668 1002 2742 atque
1017 2662 1116 2724 etiam

183 2765 263 2845 quid
278 2764 320 2825 de
335 2772 394 2825 tuo
408 2763 553 2843 negocio,
598 2783 674 2824 nam
691 2771 727 2825 ut
748 2761 932 2824 Brundusio
954 2760 1118 2844 proiectus

183 2886 227 2942 es,
243 2863 351 2926 nullae
367 2862 445 2925 mihi
461 2863 521 2925 abs
536 2871 569 2926 te
585 2873 661 2926 sunt
677 2863 824 2926 redditae
839 2860 976 2925 litterae.
1021 2860 1118 2925 valde

183 2987 265 3031 aveo
281 2966 362 3029 scire
376 2966 455 3046 quid
471 2985 558 3046 agas.
603 2964 686 3028 Idib.
702 2963 799 3028 Mart.

601 3163 694 3227 XVI.

322 3298 463 3382 (Romae.
507 3298 661 3376 Messala,
676 3297 794 3361 Pisone
817 3317 888 3361 cass.
904 3295 988 3380 693.)

469 3432 609 3497 crosno
632 3431 776 3495 Aruco
799 3430 832 3494 S.

251 3583 275 3630 1.
320 3565 458 3649 Quaeris
484 3588 527 3630 ex
558 3587 611 3630 me
640 3565 719 3649 quid
745 3562 898 3627 acciderit
926 3561 969 3623 de
998 3557 1117 3622 iudicio

174 3671 272 3754 *quod
295 3678 364 3734 tam
394 3680 524 3753 praeter
543 3671 730 3754 opinionem
751 3666 898 3731 omnium
920 3663 1044 3728 sactum
1065 3664 1116 3739 sit,
