2748 4144
190 165 192 169 ’
234 208 254 268 a
399 207 702 268 uersromuuu
729 208 788 267 nn
815 209 1013 271 naucum

235 357 269 420 in
279 355 353 422 loco
364 359 633 439 conquiescimus.
678 362 709 424 8.
739 359 900 443 Quintum
913 363 1045 429 fratrem
1057 367 1179 434 cotidie

234 467 476 542 exspectamus
520 460 676 525 Terentia
693 469 831 545 magnos
853 465 1063 531 articulorum
1085 470 1176 535 dolo·

234 580 286 624 res
300 559 409 637 habet.
422 571 456 626 et
469 570 504 626 te
519 571 553 626 et
566 582 712 626 sororem
723 573 816 628 tuam
831 575 865 629 et
880 577 1019 632 matrem
1030 562 1177 638 maxime

234 661 350 746 diligit,
373 663 581 747 salutemque
603 666 664 729 tibi
688 665 863 749 plurimam
888 671 1020 734 ascribit
1044 682 1077 736 et
1097 673 1176 746 Tul·

234 764 320 840 libia,
335 765 472 830 deliciae
489 776 629 831 nostrae
673 788 750 831 cura
772 777 810 832 ut
824 770 934 835 valeas
949 780 983 834 et
1003 792 1062 837 nos
1084 794 1176 880 ames

234 875 267 930 et
282 867 342 930 tibi
357 868 557 950 persuadeas
571 879 605 933 te
620 890 640 933 a
655 890 709 933 me
725 869 867 935 fraterne
881 857 992 936 amari.

674 1102 734 1167 VI.

367 1246 508 1330 (Romae.
551 1246 689 1321 Metello,
707 1245 836 1310 Marcio
856 1268 930 1312 coss.
953 1247 1036 1332 686.)

522 1395 662 1461 CICERO
683 1394 828 1460 Amce
851 1395 886 1460 S.

299 1563 324 1612 1.
368 1547 446 1612 Non
462 1549 668 1612 committam
684 1546 822 1630 posthac
837 1555 873 1610 ut
889 1569 942 1612 me
957 1569 1109 1614 accusare
1130 1551 1172 1615 de

231 1649 444 1733 epistolarum
467 1650 667 1733 negligentia
689 1649 801 1732 possis.
846 1659 882 1713 tu
899 1650 1000 1714 modo
1013 1652 1124 1716 videto
1139 1654 1171 1716 in

230 1757 325 1814 tanto
348 1751 421 1814 ocio
447 1760 484 1814 ut
509 1772 569 1833 par
594 1750 673 1813 mihi
700 1750 751 1814 sis.
800 1751 936 1814 domurn
960 1751 1170 1819 Rabirianam

231 1852 382 1936 Neapoli,
398 1873 499 1935 quam
519 1862 555 1916 tu
574 1853 640 1916 iam
663 1853 847 1916 dimensam
867 1862 900 1916 et
920 1842 1170 1920 exaedificatam

230 1954 342 2018 animo
353 1955 507 2030 habebas,
518 1954 572 2018 Μ’.
583 1955 739 2019 Fonteius
753 1956 833 2019 emit
845 1954 907 2020 HS
918 1969 1070 2026 cccma
1082 1970 1169 2021 XXX.

229 2057 264 2120 id
279 2067 313 2121 te
327 2058 409 2122 scire
423 2057 520 2136 volui,
536 2058 563 2121 si
578 2058 658 2140 quid
674 2058 757 2121 forte
773 2079 811 2122 ea
827 2078 877 2122 res
892 2059 935 2121 ad
955 2059 1171 2141 cogitationes

228 2168 305 2224 tuas
319 2160 504 2244 pertineret.
549 2176 577 2223 2.
607 2160 751 2243 Quintus
766 2160 872 2236 irater,
890 2169 925 2223 ut
941 2160 1019 2223 mihi
1035 2161 1171 2237 videtur,

228 2281 296 2345 quo
314 2262 467 2326 volumus
486 2262 596 2325 animo
617 2271 667 2325 est
689 2260 967 2343 in··Pomponiam‚
984 2270 1016 2324 et
1037 2283 1112 2325 cum
1132 2278 1170 2328 ea

228 2382 316 2427 nunc
330 2363 364 2426 in
375 2362 594 2446 Arpinatibus
609 2363 751 2446 praediis
766 2371 836 2427 erat
851 2373 885 2426 et
899 2383 1011 2426 secum
1027 2363 1170 2431 habebat

226 2465 396 2530 hominem
417 2463 638 2552 χρηστομαθῆ,
655 2466 696 2528 D.
712 2464 917 2528 Turranium
962 2474 1056 2548 pater
1075 2467 1170 2530 nobis

227 2565 376 2631 discessit
391 2576 420 2631 a.
436 2566 466 2629 d.
478 2579 547 2629 vl11
563 2566 639 2630 Kal.
656 2565 864 2631 Decembres.
908 2565 990 2630 haec
1004 2567 1168 2631 habebam

227 2668 294 2732 fere
314 2688 400 2750 quae
423 2676 458 2731 te
481 2667 562 2730 scire
586 2665 713 2730 vellem.
758 2675 794 2730 tu
817 2666 925 2742 velim,
940 2668 967 2729 si
988 2686 1053 2748 qua
1075 2687 1169 2732 oma-

227 2776 339 2831 menta
363 2765 567 2849 γυμνασιώδη
591 2768 729 2852 reperire
754 2768 885 2850 poteris,
908 2788 993 2849 quae
1019 2765 1080 2831 loci
1103 2769 1168 2833 sint

226 2871 296 2934 eius
319 2891 419 2953 quem
443 2879 479 2933 tu
504 2890 570 2933 non
591 2871 730 2953 ignoras,
756 2892 797 2934 ne
819 2870 1070 2954 praetermittas.
1107 2890 1168 2935 nos

225 2974 413 3038 Tusculano
437 2973 484 3037 ita
507 2973 717 3052 delectamur,
741 2982 777 3037 ut
801 2974 965 3037 nobismet
991 2970 1069 3054 ipsis
1095 2981 1167 3036 tum

225 3080 376 3163 denique,
388 3101 490 3161 quum
506 3079 562 3144 illo
577 3080 735 3159 venimus,
751 3081 947 3163 placeamus.
991 3079 1072 3161 quid
1087 3100 1167 3161 agas
1215 3101 1218 3107 ·

225 3182 377 3245 omnibus
392 3184 434 3246 de
446 3183 546 3246 rebus
561 3193 594 3246 et
610 3183 689 3264 quid
712 3190 843 3246 acturus
860 3182 904 3246 sis
922 3182 974 3245 sac
989 3202 1050 3244 nos
1065 3202 1166 3265 quam

224 3284 472 3366 diligentissime
492 3287 652 3349 certiores.
