2748 4144
534 268 610 326 LIB.
627 270 651 327 I.
675 270 734 327 ΕΡ.
754 288 778 342 1,
795 289 820 329 a.
1128 296 1147 355 3

210 438 283 490 tum
307 423 454 493 Domitii,
480 423 512 483 in
533 441 599 502 quo
619 441 685 484 uno
709 423 855 485 maxime
875 424 1012 488 ambitio
1036 437 1148 491 nostra
1187 439 1189 443 ’

212 528 333 589 nititur.
377 523 600 586 demonstravi
622 522 704 584 haec
725 522 886 587 Caecilio:
908 527 1004 589 simul
1020 537 1053 591 et
1068 529 1148 593 illud

211 627 350 700 ostendi,
367 627 393 688 si
414 625 483 706 ipse
500 644 582 686 unus
603 644 678 685 cum
699 623 755 686 illo
776 645 841 687 uno
856 629 1079 707 contenderet,
1095 650 1148 694 me

212 730 241 792 ei
257 728 511 791 satisfacturum
528 725 645 788 fuisse:
663 726 796 788 nuncin
812 747 911 790 causa
926 731 1147 796 universorum

211 833 415 904 creditorum,
446 829 615 891 hominum
646 829 835 908 praesertim
862 831 1147 910 amplissimorum,

211 933 266 1013 qui
281 932 349 994 sine
364 951 414 1007 eo,
431 950 529 1012 quem
547 928 707 993 Caecilius
722 948 782 992 suo
803 931 935 993 nomine
955 932 1148 1011 perhiberet,

211 1035 304 1096 facile
318 1053 526 1107 communem
548 1050 681 1094 causam
696 1031 903 1106 sustinerent,
920 1053 1061 1115 aequum
1077 1055 1148 1098 esse

210 1156 283 1198 eum
308 1146 341 1199 et
366 1136 473 1198 officio
494 1153 569 1195 meo
594 1134 764 1196 consulere
787 1142 820 1195 et
841 1136 990 1214 tempori.
1035 1136 1147 1199 durius

210 1237 354 1318 accipere
376 1236 439 1298 hoc
460 1234 538 1295 mihi
560 1234 648 1295 visus
669 1243 718 1296 est
739 1254 839 1315 quam
863 1235 980 1298 vellem
998 1246 1030 1298 et
1046 1257 1146 1318 quam

209 1338 358 1401 homines
387 1336 463 1400 belii
494 1335 601 1398 solent
627 1343 660 1396 et
689 1345 804 1416 postea
829 1355 960 1416 prorsus
986 1338 1029 1399 ab
1055 1337 1147 1401 insti·

208 1448 280 1502 tuta
304 1447 415 1500 nostra
440 1455 617 1519 paucorum
639 1437 764 1498 dierum
791 1438 1028 1502 consuetudine
1049 1438 1147 1521 longe

208 1540 335 1621 refugit.
379 1540 438 1601 abs
459 1549 492 1600 te
512 1547 599 1619 pet0,
624 1547 660 1600 ut
680 1537 759 1600 mihi
783 1537 846 1601 hoc
867 1540 1018 1620 ignoscas
1038 1548 1072 1602 et
1093 1560 1146 1602 me

208 1646 377 1707 existimes
400 1643 605 1706 humanitate
631 1662 703 1705 esse
728 1642 937 1724 prohibitum,
966 1664 1006 1706 ne
1032 1656 1146 1708 contra

208 1744 304 1807 amici
338 1763 501 1808 summam
539 1744 818 1834 existimationem
859 1745 1040 1807 miserrimo
1076 1746 1145 1809 eius

207 1856 356 1926 tempore
383 1844 537 1917 venirem,
569 1863 671 1924 quum
695 1843 722 1906 is
748 1844 859 1906 omnia
886 1865 944 1906 sua
974 1845 1081 1908 studia
1112 1854 1145 1907 et

207 1947 313 2010 officia
335 1946 368 2008 in
391 1966 444 2008 me
460 1944 660 2008 contulisset.
704 1945 793 2027 quod
809 1947 835 2007 si
850 1946 941 2012 voles
956 1946 987 2007 in
1005 1966 1058 2009 me
1073 1965 1144 2008 esse

206 2051 325 2127 durior,
350 2049 564 2112 ambitionem
595 2046 673 2109 mihi
703 2046 835 2128 putabis
864 2048 1037 2111 obstitisse.
1082 2067 1144 2128 ego

206 2162 317 2214 autem
348 2150 494 2220 arbitror,
526 2148 626 2209 etiam
655 2147 682 2208 si
712 2147 745 2208 id
776 2149 828 2224 sit,
866 2148 944 2211 mihi
976 2149 1144 2230 ignoscen-

205 2255 285 2316 dum
301 2273 391 2315 esse:
412 2250 481 2314 ἐπεὶ
500 2247 560 2333 οὐχ
576 2247 689 2331 ἱερήϊον
703 2246 773 2312 οὐδὲ
787 2247 905 2324 βοείην.
949 2251 1040 2313 vides
1056 2255 1143 2315 enim

205 2356 238 2416 in
264 2374 330 2436 quo
360 2372 454 2414 cursu
484 2351 586 2412 simus
612 2358 645 2412 et
667 2370 768 2431 quam
790 2370 905 2413 omnes
930 2353 1052 2432 gratias
1076 2374 1142 2417 non

206 2455 305 2517 modo
330 2453 517 2517 retinendas
541 2472 654 2515 verum
684 2453 784 2514 etiam
809 2454 1023 2547 acquirendas
1049 2465 1143 2535 pute·

205 2576 287 2619 mus.
316 2575 413 2637 spero
429 2553 487 2616 tibi
504 2574 558 2615 me
569 2572 701 2615 causam
714 2553 869 2633 probasse
881 2576 887 2615 :
901 2555 997 2636 cupio
1008 2556 1142 2636 quidem

203 2668 299 2721 certe.
345 2667 371 2734 5.
400 2654 629 2717 Hermathena
657 2663 713 2716 tua
737 2654 832 2717 valde
859 2675 912 2718 me
939 2656 1082 2721 delectat
1108 2671 1141 2724 et

204 2758 311 2839 posita
340 2757 386 2818 ita
416 2755 500 2818 belle
526 2765 576 2818 est
610 2765 646 2818 ut
680 2763 788 2820 totum
826 2759 1035 2837 gymnasium
1071 2761 1140 2824 eius

203 2857 347 2938 ἀνάθημα
362 2877 432 2921 esse
447 2857 605 2920 videatur.
652 2857 791 2919 multum
808 2867 841 2920 te
857 2875 1015 2924 amamus.

648 3106 694 3168 11.

351 3291 491 3374 (Romae.
524 3289 622 3364 Cotta,
644 3286 674 3350 T
671 3295 802 3368 arquato
815 3306 886 3348 coss.
904 3285 987 3370 689.)

489 3432 628 3496 Crcexo
650 3431 795 3493 Arsrco
819 3427 850 3493 S.

269 3582 293 3628 1.
311 3565 347 3629 L.
365 3565 450 3628 Iulio
467 3565 607 3629 Caesare
624 3564 660 3629 C.
676 3562 801 3626 Marcio
818 3559 935 3642 Figulo
951 3555 1138 3622 consulibus

201 3666 302 3731 filiolo
318 3688 371 3730 me
386 3677 519 3731 auctum
534 3667 616 3731 scito
632 3665 722 3729 salva
738 3663 899 3727 Terentia.
944 3660 1003 3723 abs
1015 3666 1052 3720 te
1067 3666 1137 3720 tam
