2748 4144
238 284 276 358 36
402 281 702 342 EPISTOLARUM
730 282 789 341 AD
816 281 1014 342 ATTICUM

238 433 295 513 qui
317 430 454 512 poterat,
482 430 647 493 familiaris
669 432 885 494 noster-sic
904 438 955 493 est
974 430 1079 493 enim:
1100 428 1177 493 volo

238 541 273 594 te
300 531 363 594 hoc
396 531 714 612 scire-Pompeius
748 530 897 614 togulam
929 530 1019 594 illam
1053 532 1175 612 pictam

238 634 368 698 silentio
377 641 486 696 tuetur
497 652 599 695 suam.
633 634 769 697 Crassus
780 633 915 697 verbum
926 632 1052 696 nullum
1064 643 1177 695 contra

239 736 388 815 gratiam.
433 744 579 798 caeteros
602 738 667 798 iam
692 737 795 800 nosti:
824 737 880 817 qui
906 737 952 798 ita
977 743 1053 798 sunt
1075 733 1175 810 stulti,

240 845 277 898 ut
295 838 413 898 amissa
432 858 465 899 re
484 837 614 917 publica
632 822 771 919 piscinas
791 858 867 901 suas
885 838 954 900 sore
974 837 1082 900 salvas
1103 859 1177 920 spe·

240 959 311 1001 rare
332 940 510 1001 videantur.
555 950 585 1017 7.
609 959 691 1001 unus
717 941 847 1019 estqui
877 947 967 1002 curet
992 941 1177 1004 constantia

241 1041 345 1120 magis
360 1048 393 1101 et
409 1041 594 1119 integritate
611 1059 720 1120 quam,
737 1049 773 1102 ut
790 1040 869 1102 mihi
884 1040 1020 1111 videtur,
1042 1040 1177 1104 consilio

240 1150 298 1203 aut
324 1143 461 1222 ingenio,
491 1141 592 1204 Cato:
622 1144 677 1223 qui
703 1144 837 1204 miseros
866 1142 1064 1224 publicanos,
1094 1162 1176 1223 quos

241 1244 356 1306 habuit
367 1244 606 1304 amantissimos
618 1243 676 1316 sui,
688 1245 819 1306 tertium
832 1245 897 1305 iam
909 1262 1054 1305 mensem
1065 1251 1174 1317 vexat,

242 1361 347 1423 neque
363 1343 400 1402 iis
415 1361 434 1401 a
448 1348 564 1401 senatu
579 1359 771 1419 responsum
788 1340 858 1403 dari
875 1339 1004 1421 patitur.
1049 1340 1102 1402 Ita
1117 1360 1176 1402 nos

241 1443 388 1522 cogimur
399 1440 528 1521 reliquis
543 1440 585 1502 de
597 1443 691 1502 rebus
708 1439 787 1502 nihil
799 1441 971 1504 decernere
985 1450 1062 1504 ante
1077 1461 1176 1523 quam

242 1542 422 1624 publicanis
442 1553 633 1622 responsum
653 1543 702 1604 sit.
748 1561 813 1622 qua
831 1560 866 1603 re
883 1543 983 1604 etiam
998 1540 1177 1621 legationes

242 1641 396 1703 reiectum
417 1641 454 1701 iri
476 1647 568 1718 puto.
613 1639 639 1700 8.
664 1657 750 1701 nunc
772 1638 864 1700 vides
887 1638 1004 1718 quibus
1026 1636 1178 1701 fluctibus

242 1742 407 1812 iactemur,
424 1744 466 1810 et,
480 1737 507 1797 si
523 1737 625 1810 exiis,
640 1756 725 1816 quae
738 1737 924 1818 scripsimus
938 1733 1066 1818 [tanta]‚
1078 1739 1177 1800 etiam

242 1860 263 1901 a
277 1858 331 1901 me
345 1858 411 1900 non
425 1839 546 1917 scripta
564 1839 726 1918 perspicis,
745 1838 848 1900 revise
867 1857 927 1900 nos
944 1836 1125 1918 aliquando
1136 1847 1176 1913 et

242 1956 442 2020 quamquam
457 1947 533 2000 sunt
547 1937 628 2002 haec
646 1937 809 2020 fugienda,
828 1959 895 2019 quo
912 1948 946 2002 te
959 1959 1050 2014 voco
1066 1948 1178 2003 tamen

243 2045 294 2109 lac
319 2054 355 2107 ut
377 2062 521 2105 amorem
547 2050 693 2104 nostrum
716 2042 799 2106 tanti
821 2042 981 2117 aestimes,
1008 2051 1045 2105 ut
1067 2063 1108 2106 eo
1126 2042 1178 2106 vel

243 2167 317 2211 cum
338 2147 389 2209 his
415 2145 571 2208 molestiis
597 2144 717 2225 perfrui
745 2144 834 2208 velis.
877 2165 963 2220 nam,
994 2165 1036 2209 ne
1061 2145 1179 2211 absens

243 2269 403 2322 censeare,
424 2248 544 2311 curabo
567 2246 761 2309 edicendum
781 2255 815 2308 et
835 2246 1085 2327 proponendum
1100 2246 1179 2310 locis

243 2352 400 2416 omnibus.
444 2351 506 2412 sub
543 2348 681 2411 lustrum
725 2357 835 2411 autem
875 2349 999 2412 censeri
1031 2351 1179 2429 germani

244 2454 458 2535 negociatoris
480 2458 539 2512 est.
584 2469 650 2531 qua
672 2469 800 2513 secura
818 2457 854 2512 ut
871 2458 905 2513 te
923 2451 1177 2530 quamprimum

243 2559 421 2620 videamus.
465 2555 545 2619 vale.
591 2568 630 2617 XI
661 2552 735 2615 Kal.
759 2554 851 2616 Febr.
899 2550 940 2634 Q.
971 2552 1106 2617 Metello
1140 2554 1177 2616 L.

243 2658 381 2721 Afranio
405 2678 487 2721 coss.

663 2774 758 2836 XIX.

372 2910 510 2993 (Romae.
548 2907 684 2982 Metello,
700 2905 846 2987 Afranio
868 2925 939 2968 coss.
966 2902 1049 2986 694)

525 3054 664 3119 C1cnno
693 3053 837 3116 Aruco
867 3050 900 3115 S.

310 3209 334 3256 1.
378 3190 456 3253 Non
472 3189 580 3263 mod0,
602 3187 628 3249 si
645 3185 724 3247 mihi
739 3193 870 3247 tantum
885 3193 972 3247 esset
987 3183 1059 3258 ocii,
1075 3204 1178 3264 quan·

242 3305 314 3358 tum
333 3292 466 3366 esttibi,
485 3310 598 3353 verum
618 3289 728 3364 etiam,
749 3288 777 3349 si
798 3296 867 3350 tam
887 3285 1002 3347 breves
1023 3285 1178 3366 epistolas

242 3396 361 3463 vellem
377 3394 515 3466 mittere,
531 3411 631 3471 quam
647 3398 682 3451 tu
702 3387 787 3450 soles
808 3386 921 3460 facere,
937 3394 971 3448 te
990 3406 1177 3467 superarem

243 3506 276 3561 et
289 3498 321 3559 in
336 3494 509 3559 scribendo
525 3491 630 3554 multo
646 3509 751 3552 essem
767 3488 908 3551 crebrior
922 3507 1022 3569 quam
1038 3497 1083 3551 tu.
1119 3487 1178 3550 sed

244 3597 286 3659 ad
310 3615 456 3660 summas
480 3602 580 3674 atque
603 3589 810 3654 incredibiles
834 3589 1068 3670 occupationes
1088 3607 1178 3649 meas

243 3697 379 3775 accedit,
403 3697 492 3779 quod
519 3693 643 3758 nullam
667 3713 688 3757 a
712 3713 766 3758 me
789 3691 963 3775 epistolam
989 3691 1032 3753 ad
1051 3700 1085 3755 te
1106 3690 1178 3751 sino
