2748 4144
533 237 609 294 LIB.
627 239 650 296 1.
674 239 732 296 ΕΡ.
749 255 776 311 3,
792 257 819 310 4.
1123 257 1140 318 5

204 386 266 448 etsi
281 385 411 448 audisse
427 394 460 448 te
480 387 627 461 arbitror,
643 396 755 452 tamen
772 410 815 452 ex
832 411 884 454 me
900 411 1000 472 quum
1016 394 1142 456 veneris

204 506 389 571 cognosces.
422 486 613 551 Sallustium
626 500 831 570 praesentem
844 493 1014 556 restituere
1028 495 1060 556 in
1072 495 1141 558 eius

203 599 350 655 veterem
363 590 503 671 gratiam
519 610 584 653 non
600 591 701 671 potui.
727 591 789 655 hoc
805 594 847 656 ad
863 603 897 656 te
912 597 1034 677 scripsi,
1051 598 1141 678 quod

204 692 232 753 is
255 711 309 754 me
327 711 479 754 accusare
499 693 541 754 de
564 701 598 754 te
621 691 756 756 solebat.
801 695 834 756 in
855 716 890 758 se
910 707 1067 777 expertus
1090 708 1141 762 est

204 791 296 855 illum
321 813 392 857 esse
417 794 523 856 minus
553 794 763 869 exorabilem,
783 816 892 859 meum
915 799 1060 862 studium
1081 820 1140 863 nec

204 893 262 958 tibi
282 894 430 959 defuisse.
477 895 654 959 Tulliolam
677 896 712 961 C.
729 898 838 961 Pisoni
856 901 891 963 L.
909 901 944 965 F.
961 902 1060 984 Frugi
1084 904 1140 966 de·

203 996 403 1077 spondimus.

643 1227 701 1292 IV.

359 1375 499 1459 (Romae.
542 1377 669 1460 Lepido,
696 1378 787 1442 Tullo
808 1399 881 1443 coss.
897 1380 982 1462 688.)

492 1540 628 1605 Cicutio
651 1539 796 1605 Amco
822 1539 855 1605 S.

267 1720 293 1765 1.
317 1703 456 1767 Crebras
478 1704 743 1785 exspectationes
764 1704 858 1766 nobis
877 1704 925 1766 tui
941 1724 1137 1770 commoves.

199 1825 303 1886 nuper
324 1807 465 1887 quidem,
489 1826 592 1888 quum
614 1806 680 1869 iarn
707 1815 741 1869 te
764 1807 941 1870 adventare
968 1808 1138 1871 arbitrare·

200 1930 279 1983 mur,
302 1917 436 1990 repente
458 1909 517 1972 abs
539 1919 573 1972 te
595 1909 628 1971 in
652 1927 799 1970 mensem
824 1908 1004 1990 Quintilem
1028 1911 1137 1973 reiecti

198 2033 317 2075 sumus
383 2032 469 2075 nunc
496 2033 573 2076 vero
603 2032 730 2089 censeo,
754 2012 844 2094 quod
874 2013 1050 2076 commodo
1079 2023 1137 2077 tuo

199 2113 304 2176 facere
325 2113 458 2195 poteris,
484 2114 596 2177 venias
619 2113 663 2176 ad
687 2113 720 2175 id
746 2122 878 2195 tempus
901 2113 991 2195 quod
1016 2114 1136 2177 scribis.

198 2214 316 2277 obieris
332 2213 446 2295 Quinti
469 2213 576 2277 fratris
596 2214 737 2289 comitia,
761 2233 821 2275 nos
846 2212 946 2295 longo
966 2214 1137 2277 intervallo

197 2315 316 2390 viseris,
326 2314 550 2378 Acutilianam
566 2314 820 2378 controversiam
835 2314 1038 2396 transegeris
1074 2315 1137 2379 hoc

198 2438 251 2480 me
273 2418 372 2481 etiam
390 2419 577 2482 Peducaeus
593 2428 629 2481 ut
644 2418 687 2482 ad
703 2428 736 2481 te
752 2418 925 2480 scriberem
947 2417 1136 2482 admonuit:

197 2527 352 2600 putamus
361 2520 448 2581 enirn
461 2518 540 2581 utile
551 2539 622 2582 esse
634 2526 667 2582 te
682 2517 860 2600 aliquando
876 2519 941 2582 iam
952 2538 1019 2581 reru
1031 2527 1135 2582 trans-

198 2626 294 2706 igere.
330 2646 402 2688 mea
425 2626 612 2689 intercessio
632 2636 665 2690 et
680 2636 730 2690 est
745 2634 779 2689 et
794 2625 855 2689 luit
870 2633 993 2707 parata
1030 2640 1057 2688 2.
1073 2645 1134 2688 nos

196 2727 249 2790 hic
271 2727 450 2791 incredibili
472 2749 511 2792 ac
532 2726 686 2810 singulari
709 2729 823 2810 populi
845 2726 1016 2791 voluntate
1034 2726 1077 2791 de
1098 2725 1133 2790 C.

198 2827 311 2890 Macro
339 2830 565 2910 transegimus.
614 2831 664 2894 cui
694 2851 797 2913 quum
827 2830 922 2912 aequi
952 2829 1133 2901 fuissemus,

196 2941 307 2993 tamen
324 2921 428 2993 multo
447 2931 603 2994 maiorem
619 2931 760 2995 fructum
776 2953 820 2995 ex
835 2931 948 3014 populi
965 2931 1134 2993 existima-

196 3033 286 3093 tione
301 3030 357 3093 illo
377 3031 536 3095 damnato
556 3033 703 3115 cepimus
724 3054 824 3115 quam
846 3054 891 3097 ex
906 3032 1019 3114 ipsius,
1034 3031 1062 3093 si
1076 3031 1134 3093 ab

195 3136 321 3199 solutus
335 3144 430 3209 esset,
445 3135 550 3216 gratia
565 3135 771 3217 cepissemus.
810 3151 837 3214 3.
860 3134 949 3217 quod
964 3134 1007 3197 ad
1023 3133 1134 3196 mede

197 3233 425 3298 Hermathena
452 3235 575 3310 scribis,
605 3256 664 3318 per
696 3235 775 3297 milri
799 3244 929 3317 gratum
960 3243 1010 3297 est
1039 3254 1133 3297 orna·

196 3347 353 3410 mentum,
370 3344 403 3400 et
415 3335 619 3400 Academiae
633 3338 800 3420 proprium
821 3357 923 3407 meae,
939 3335 1030 3417 quod
1047 3334 1133 3397 Her·

194 3459 264 3503 mes
289 3459 466 3502 commune
488 3440 635 3502 omnium
661 3449 695 3502 et
722 3438 870 3502 Minerva
893 3434 1056 3518 singulare
1082 3446 1133 3499 est

195 3542 320 3622 insigne
334 3541 403 3603 eius
417 3540 588 3621 gymnasii.
622 3560 687 3623 qua
702 3560 736 3604 re
750 3540 858 3615 velim,
874 3547 911 3602 ut
925 3536 1046 3612 scribis,
1060 3556 1132 3599 cae-

193 3642 271 3706 teris
284 3661 416 3724 quoque
430 3642 527 3704 rebus
538 3661 638 3723 quam
654 3641 802 3725 plurimis
814 3659 889 3704 eum
905 3638 1014 3703 locum
1026 3657 1132 3702 ornes.
