2748 4144
529 229 605 288 Lm
623 229 646 287 1.
670 229 730 289 aa
748 245 794 300 14·
1089 248 1124 305 19

189 381 501 466 quotiens-domurn,
517 381 669 463 quotiens
692 380 835 464 patriam
853 378 987 456 videret,
1002 380 1124 444 totiens

188 506 224 548 se
239 483 433 547 beneficium
450 504 560 546 meum
577 483 696 546 videre.
741 482 820 565 quid
844 481 972 545 multa?
1015 490 1124 547 toturn

189 587 275 649 hunc
303 584 422 660 locum,
451 604 549 666 quern
587 604 650 666 ego
685 585 773 647 varie
802 585 884 646 meis
913 583 1123 662 orationibus

189 707 326 768 quarum
342 696 378 749 tu
390 685 600 748 Aristarchus
612 706 655 761 es,
667 684 757 748 soleo
773 686 915 767 pingere,
927 686 969 748 de
981 686 1124 760 flamma,

189 789 232 851 de
246 786 459 850 ferro—nosti
474 786 545 849 illas
560 782 764 864 ληκύθους-,
780 785 877 847 valde
890 787 1033 867 graviter
1052 806 1124 868 per-

189 891 305 953 texuit.
350 889 502 971 proxime
533 888 726 969 Pompeium
755 887 923 951 sedebam.
975 887 1124 950 intellexi

189 991 355 1055 hominem
378 991 509 1066 moveri,
533 1001 641 1052 utrum
666 989 820 1053 Crassum
847 990 927 1051 inire
952 1010 1026 1052 earn
1050 1010 1124 1071 gra-

189 1095 279 1172 tiam,
296 1113 395 1176 quam
418 1094 487 1174 ipse
501 1092 779 1173 praetermisisset,
795 1111 838 1153 an
859 1111 929 1153 esse
944 1101 1053 1154 tantas
1073 1112 1125 1154 res

189 1204 325 1268 nostras,
342 1214 427 1276 quae
442 1203 511 1256 tam
527 1193 641 1256 libenti
655 1201 771 1255 senatu
792 1192 1009 1267 laudarentur,
1026 1195 1069 1259 ab
1084 1216 1125 1258 eo

189 1284 389 1380 praesertim,
412 1297 468 1378 qui
494 1297 574 1359 mihi
597 1295 729 1360 laudem
754 1296 844 1359 illam
874 1318 914 1360 eo
939 1297 1046 1359 minus
1068 1297 1125 1385 de-

190 1402 290 1475 beret,
315 1400 406 1481 quod
436 1398 517 1461 meis
547 1399 700 1461 omnibus
723 1398 839 1461 litteris
865 1399 897 1461 in
925 1399 1125 1481 Pompeiana

190 1501 287 1566 laude
316 1501 506 1582 perstrictus
536 1509 629 1563 esset.
687 1517 717 1578 4
763 1500 816 1563 hic
851 1502 921 1563 dies
951 1523 1004 1565 me
1028 1503 1125 1566 valde

191 1601 310 1666 Crasso
340 1602 502 1676 adiunxit,
527 1611 561 1664 et
590 1609 702 1664 tamen
732 1602 775 1664 ab
804 1601 860 1665 illo
889 1611 1002 1683 aperte
1038 1613 1125 1667 tecte

190 1704 351 1786 quidquid
376 1713 426 1766 est
453 1703 567 1765 datum
598 1701 739 1767 libenter
760 1703 881 1784 accepi.
925 1724 987 1785 ego
1013 1713 1125 1768 autem

190 1807 269 1887 ipse,
292 1806 326 1868 di
352 1794 448 1869 bo'ni!
477 1825 543 1888 quo
573 1805 673 1868 modo
700 1804 1011 1889 ἐνεπερπερευσάμην
1039 1828 1126 1870 novo

191 1907 332 1970 auditori
362 1906 538 1988 Pompeio!
581 1908 608 1969 si
639 1927 795 1988 umquam
832 1907 911 1970 mihi
940 1904 1077 1992 περίοδοι
1106 1904 1125 1985 ἢ

192 2006 315 2085 nannai
329 2005 348 2084 ⁷l
364 2005 567 2087 ἐνθυμήματα
581 2003 600 2084 ἢ
617 2005 809 2071 κατασκευαὶ
827 2007 1125 2090 suppeditaverunt,

191 2110 247 2173 illo
261 2119 417 2190 tempore.
454 2108 534 2189 quid
549 2107 676 2171 multa?
697 2107 865 2171 clamores.
910 2109 1031 2172 etenim
1045 2107 1127 2173 haec

192 2221 263 2277 erat
293 2207 451 2283 ὑπόθεσις,
484 2209 526 2272 de
557 2210 719 2289 gravitate
751 2208 881 2285 ordinis,
911 2209 952 2272 de
986 2213 1127 2291 equestri

192 2315 373 2389 concordia,
397 2314 439 2376 de
461 2314 674 2376 consensione
699 2311 823 2388 Italiae,
844 2312 886 2375 de
907 2312 1127 2377 intermortuis

193 2418 336 2498 reliquiis
362 2416 602 2499 coniurationis,
626 2416 668 2478 de
689 2414 824 2490 vilitate,
847 2416 889 2478 de
918 2417 997 2478 ocio
1041 2418 1126 2480 nosti

193 2521 258 2582 iam
273 2520 307 2581 in
321 2518 384 2580 hac
405 2517 541 2579 materia
559 2516 686 2579 sonitus
709 2525 858 2579 nostros:
883 2517 967 2579 tanti
988 2516 1127 2594 suerunt,

195 2631 230 2685 ut
252 2641 314 2703 ego
337 2640 377 2683 eo
399 2619 527 2683 brevior
547 2620 618 2693 sim,
642 2619 731 2699 quod
755 2639 811 2682 eos
831 2639 934 2702 usque
955 2620 1043 2682 istim
1069 2640 1128 2682 ex-

193 2723 323 2787 auditos
352 2730 477 2802 putem.
537 2731 564 2799 5.
591 2718 764 2782 Romanae
793 2729 904 2783 autem
936 2740 972 2782 se
1003 2740 1053 2783 res
1082 2721 1129 2783 sic

194 2824 339 2888 habent:
361 2830 494 2885 senatus
512 2816 637 2903 Ἄρειος
657 2818 767 2901 πάγος.
812 2821 891 2884 nihil
915 2822 1127 2895 constantius,

194 2924 274 2988 nihil
286 2924 434 2996 severius,
445 2921 524 2984 nihil
540 2920 662 2986 fortius
693 2943 780 2999 nam,
793 2943 894 3004 quum
907 2923 977 2985 dies
987 2922 1129 2986 venisset

195 3026 355 3110 rogationi
379 3047 423 3089 ex
444 3034 577 3088 senatus
599 3025 748 3089 consulto
774 3025 935 3101 ferendae,
958 3046 1130 3090 concursa-

194 3133 275 3194 bant
304 3127 468 3194 barbatuli
490 3128 631 3202 iuvenes‚
652 3136 743 3190 totus
765 3127 821 3190 ille
849 3148 932 3209 grex
958 3127 1128 3203 Catilinae,

194 3233 279 3295 duce
307 3228 408 3292 filiola
435 3227 593 3299 Curionis,
621 3237 654 3291 et
679 3227 847 3311 populum,
873 3237 910 3291 ut
935 3230 1129 3311 antiquaret,

196 3329 365 3412 rogabant.
395 3329 470 3391 Piso
482 3338 593 3392 autem
605 3329 727 3406 consul,
739 3329 825 3393 lator
840 3314 1027 3412 rogationis,
1041 3330 1129 3393 idern

195 3439 267 3492 erat
296 3429 468 3493 dissuasor.
513 3450 632 3511 operae
667 3430 847 3495 Clodianae
883 3440 1001 3513 pontes
1035 3451 1130 3494 occu-

196 3541 333 3614 parant:
347 3531 489 3596 tabellae
504 3533 773 3598 ministrabantur
785 3534 833 3597 ita
848 3532 985 3597 utnulla
1000 3533 1132 3597 daretur

198 3648 262 3698 UTI
291 3647 417 3699 ROGAS.
462 3635 515 3697 hic
543 3636 604 3698 tibi
634 3646 740 3700 rostra
769 3635 854 3700 Cato
883 3633 1024 3711 advolat,
1054 3655 1131 3699 cou-
