2748 4144
242 229 257 266 2
405 209 704 270 EPISTOLARUM
731 211 789 268 AD
816 208 1013 271 ATTICUM

239 361 361 422 nemini
376 362 512 424 videtur.
557 363 675 426 nostris
691 363 870 427 rationibus
886 364 1032 426 maxime
1049 361 1174 426 'condu-

239 484 312 524 cere
332 463 462 526 videtur
484 463 663 526 Thermum
693 463 762 526 fieri
786 485 861 528 cum
885 465 1032 529 Caesare.
1077 485 1174 529 nemo
1252 492 1254 496 ·

239 576 289 628 est
305 567 392 628 enim
409 588 453 629 ex
468 567 515 642 iis,
532 567 588 649 qui
604 587 691 629 nunc
706 576 832 649 petunt,
848 568 903 649 qui
919 568 946 629 si
969 568 1002 629 in
1025 577 1172 631 nostrum

239 687 361 730 annum
387 668 536 731 reciderit
560 666 684 731 firmior
712 669 907 732 candidatus
930 669 998 732 fore
1015 671 1174 746 videatur,

238 783 411 853 propterea
435 772 524 852 quod
551 779 681 833 curator
706 780 756 834 est
779 772 851 834 viae
876 771 1064 847 Flaminiae,
1087 794 1173 855 quae

238 880 316 933 tunc
333 870 393 932 erit
405 868 563 931 absoluta.
588 876 693 940 †sane
704 867 797 931 facile
812 877 845 930 et
861 868 999 932 libenter
1010 890 1085 933 eum
1097 891 1172 933 cum

240 974 379 1037 Caesare
399 971 566 1035 consulem
583 972 705 1035 factum
720 973 865 1037 viderim.
899 975 1076 1055 petitorum
1091 974 1173 1038 haec

238 1085 289 1138 est
303 1074 411 1138 adhuc
426 1073 600 1136 informata
616 1075 780 1156 cogitatio,
814 1096 873 1138 nos
889 1076 921 1138 in
937 1077 1026 1138 omni
1039 1096 1172 1140 munere

238 1175 462 1238 candidatorio
479 1175 645 1257 fungendo
663 1195 827 1239 summam
847 1176 1074 1240 adhibebimus
1100 1179 1172 1242 dili·

237 1282 383 1362 gentiam
404 1289 437 1342 et
456 1279 601 1353 fortasse,
623 1281 779 1362 quoniam
801 1282 932 1344 vldetur
954 1283 986 1344 in
1010 1283 1171 1365 suffragiis

237 1382 377 1447 multum
393 1404 490 1465 posse
506 1382 620 1458 Gallia,
632 1403 733 1464 quum
747 1383 875 1446 Romae
890 1404 910 1446 a
925 1384 1049 1447 iudiciis
1064 1384 1169 1448 forum

237 1484 406 1560 refrixerit,
429 1504 637 1546 excurremus
659 1503 769 1546 mense
794 1483 980 1566 Septembri
1004 1485 1104 1567 legati
1127 1487 1170 1549 ad

239 1587 398 1661 Pisonem,
412 1586 612 1649 utIanuario
625 1594 829 1648 revertamur.
859 1606 960 1667 quum
973 1608 1170 1670 perspexero

236 1686 422 1749 voluntates
438 1687 604 1762 nobilium,
625 1687 764 1749 scribam
785 1687 827 1750 ad
848 1697 889 1752 te.
933 1699 1061 1753 caetera
1076 1711 1171 1772 spero
1211 1743 1218 1758 .

237 1789 366 1872 prolixa
382 1811 461 1865 esse,
478 1790 529 1853 his
549 1791 726 1854 dumtaxat
746 1793 877 1854 urbanis
893 1794 1169 1874 competitoribus

237 1895 326 1956 illam
350 1915 484 1957 manum
506 1903 542 1956 tu
566 1894 644 1956 mihi
667 1915 749 1957 >cura
774 1904 811 1958 ut
836 1905 990 1976 praestes,
1014 1896 1170 1978 quoniam

237 1997 370 2077 propius
393 1995 479 2069 abes,
508 1995 662 2077 Pompeii,
684 1996 784 2058 nostri
808 1997 912 2059 amici.
958 2018 1041 2079 nega
1065 2018 1118 2060 me
1141 1999 1170 2061 ei

238 2103 355 2163 iratum
372 2099 447 2177 fore,
468 2100 494 2162 si
515 2100 557 2162 ad
579 2120 652 2162 mea
667 2100 799 2163 comitia
814 2120 879 2163 non
895 2101 1026 2163 venerit.
1071 2110 1170 2182 atque

238 2204 319 2266 haec
345 2203 440 2265 huius
470 2202 560 2264 modi
589 2212 673 2265 sunt.
723 2218 749 2281 3.
780 2202 838 2265 sed
863 2203 1024 2284 estquod
1055 2203 1115 2265 abs
1137 2214 1170 2264 te

237 2305 316 2367 mihi
333 2305 456 2388 ignosci
471 2303 635 2386 pervelim.
669 2301 838 2378 Caecilius
857 2305 1035 2366 avunculus
1050 2315 1134 2376 tuus,
1150 2325 1169 2366 a

236 2407 270 2470 P.
290 2408 390 2471 Vario
411 2427 512 2490 quum
533 2426 654 2488 magna
677 2406 814 2487 pecunia
838 2404 1048 2480 fraudaretur,
1074 2410 1169 2486 agere

237 2509 344 2591 coepit
373 2528 448 2571 cum
474 2507 542 2570 eius
572 2506 670 2569 fratre
698 2505 740 2568 A.
768 2506 906 2570 Caninio
933 2506 1041 2570 Satrio
1064 2506 1107 2569 de
1131 2508 1169 2569 iis

237 2612 340 2687 rebuS,
360 2631 442 2693 quas
462 2630 537 2672 eum
558 2609 635 2672 dolo
656 2608 742 2671 malo
763 2610 926 2691 mancipio
945 2611 1109 2691 accepisse
1128 2610 1169 2672 de

236 2712 337 2775 Vario
361 2712 490 2779 diceret.
536 2731 600 2773 una
621 2710 763 2792 agebant
786 2711 904 2773 caeteri
927 2712 1111 2787 creditores,
1137 2713 1168 2773 in

237 2815 355 2895 quibus
376 2821 446 2875 erat
466 2811 621 2874 Lucullus
643 2821 676 2873 et
696 2812 729 2873 P.
753 2811 863 2894 Scipio
883 2820 916 2874 et
936 2812 971 2887 ie,
992 2832 1090 2894 quem
1111 2834 1170 2895 pu·

237 2916 352 2978 tabant
367 2915 558 2997 magistrum
574 2913 649 2989 fore,
661 2914 688 2976 si
703 2915 791 2977 bona
801 2915 956 2989 venirent,
973 2913 1009 2976 L.
1027 2914 1169 2978 Pontius

236 3039 348 3082 verum
370 3019 434 3081 hoc
456 3016 627 3081 ridiculum
648 3025 698 3078 est
728 3017 770 3078 de
799 3016 955 3098 magistro
979 3037 1065 3079 nunc
1094 3037 1170 3100 cog-

237 3143 378 3187 noscere.
423 3120 550 3202 rogavit
570 3139 623 3180 me
645 3118 813 3189 Caecilius,
832 3127 869 3179 ut
889 3117 1037 3182 adessem
1057 3130 1171 3185 contra

238 3225 389 3288 Satrium.
445 3222 513 3283 dies
543 3219 608 3282 fere
639 3218 745 3281 nullus
775 3228 824 3280 est
854 3219 931 3300 quin
962 3218 1014 3281 hic
1044 3218 1171 3282 Satrius

238 3327 373 3389 domum
404 3342 512 3386 meam
542 3322 687 3383 ventitet.
737 3321 888 3383 observat
918 3320 954 3383 L.
986 3321 1170 3385 Domitium

237 3426 402 3487 maxime:
432 3444 485 3486 me
513 3421 612 3484 habet
642 3421 838 3502 proximum.
880 3421 941 3484 fuit
971 3431 1004 3485 et
1029 3422 1108 3485 mihi
1139 3433 1171 3486 et

238 3526 277 3607 Q.
293 3526 382 3587 fratri
399 3543 519 3606 magno
536 3523 606 3583 usui
619 3522 651 3582 in
664 3523 782 3585 nostris
793 3522 1015 3603 petitionibus.
1048 3540 1077 3601 4
1092 3543 1171 3585 sane

237 3651 309 3696 sum
336 3632 543 3710 perturbatus
567 3649 667 3710 quum
699 3629 799 3709 ipsius
826 3628 924 3692 Satrii
951 3629 1171 3697 familiaritate
