2748 4144
501 275 576 334 LIB.
593 274 616 334 I.
639 276 698 334 ΕΡ.
718 292 760 349 17.

572 497 688 562 XVII.

295 641 436 726 (Romae.
481 644 634 722 Messala,
648 645 767 708 Pisone
788 667 860 712 coss.
876 647 959 730 693.)

451 794 591 867 Crcuuo
613 796 756 861 Arrrco
779 797 812 862 S.

233 958 257 1005 1.
302 942 426 1023 Magna
444 942 523 1004 mihi
540 944 679 1007 varietas
694 944 872 1009 voluntatis
890 956 923 1010 et
939 947 1101 1009 dissimili-

166 1043 247 1105 tudo
276 1044 437 1127 opinionis
469 1065 508 1106 ac
540 1045 648 1107 iudicii
683 1045 797 1127 Quinti
828 1047 933 1110 fratris
959 1051 1022 1111 mei
1046 1042 1101 1112 de·

168 1152 347 1206 monstrata
374 1155 422 1207 est
446 1166 490 1207 ex
520 1145 634 1207 litteris
664 1148 738 1222 tuis,
769 1149 801 1209 in
828 1149 945 1229 quibus
975 1150 1017 1211 ad
1049 1169 1103 1211 me

167 1244 377 1324 epistolarum
403 1246 487 1308 illius
510 1247 665 1327 exempla
687 1248 811 1311 misisti.
856 1270 921 1330 qua
946 1271 989 1312 ex
1012 1271 1046 1312 re
1069 1261 1102 1313 et

167 1345 317 1407 molestia
339 1368 412 1408 sum
435 1356 527 1409 tanta
550 1348 884 1431 adlectus'quantam
908 1352 986 1414 mihi
1010 1373 1102 1415 meus

167 1467 259 1509 amor
279 1469 426 1511 summus
449 1470 524 1532 erga
547 1459 720 1533 utrumque
738 1461 882 1515 vestrum
901 1453 1027 1516 adferre
1048 1456 1103 1517 de-

167 1548 245 1620 buit,
263 1559 296 1610 et
310 1551 536 1644 admiratione,
542 1552 697 1633 quidnam
715 1555 884 1621 accidisset
897 1557 984 1638 quod
997 1557 1103 1619 adier-

167 1663 216 1715 ret
232 1651 357 1733 Quinto
374 1654 463 1715 fratri
483 1675 556 1717 meo
575 1664 633 1717 aut
649 1636 951 1735 ofsensffide'fflam
969 1680 1103 1740 gravem

168 1765 225 1819 aut
234 1759 526 1819 commutationem
543 1766 670 1820 tantam
686 1759 872 1822 voluntatis.
908 1769 1008 1843 atque
1024 1761 1104 1823 illud

72 1929 74 1933 ἲ
168 1878 188 1919 a
217 1878 270 1919 me
299 1844 364 1919 iani
397 1868 474 1920 ante
505 1851 764 1940 intelligebatur,⁵
785 1861 874 1941 quod
907 1869 940 1923 te
973 1882 1104 1943 quoque

168 1960 275 2039 ipsum
312 1960 535 2022 discedentem
573 1982 592 2024 a
627 1963 721 2024 nobis
753 1965 909 2044 suspicari
942 1964 1104 2040 videbam,

168 2063 301 2140 sutgesse
332 2061 440 2123 nescio
470 2063 549 2143 quid
579 2064 741 2145 opinionis
774 2065 1003 2127 incommodae
1031 2088 1104 2128 sau·

168 2168 321 2248 ciumque
346 2188 416 2229 esse
441 2168 510 2229 eius
533 2169 680 2231 animum
705 2177 738 2230 et
764 2167 920 2229 insedisse
944 2168 1104 2249 quasdam

169 2271 299 2333 odiosas
321 2271 538 2351 suspiciones:
561 2270 680 2351 quibus
699 2290 760 2351 ego
782 2269 903 2330 mederi
926 2288 1026 2349 quum
1050 2291 1104 2332 cu-

169 2392 280 2453 perem
310 2379 407 2433 antea
442 2390 540 2451 saepe
574 2380 607 2432 et
642 2369 866 2433 vehementius
900 2369 1000 2430 etiam
1029 2377 1105 2450 post

169 2471 373 2533 sortitionem
394 2470 587 2551 provinciae,
608 2490 667 2532 nec
687 2479 815 2531 tanturn
837 2466 1060 2548 intelligebam
1075 2467 1104 2528 ei

169 2591 241 2632 esse
260 2569 456 2641 offensionis,
474 2579 635 2651 quantum
652 2571 780 2633 litterae
796 2577 873 2632 tuae
892 2568 1104 2639 declararant,

170 2691 230 2733 nec
244 2680 373 2734 tantum
390 2670 609 2752 proficiebam,
625 2681 785 2753 quantum
800 2670 961 2733 volebam.
1000 2685 1027 2732 2.
1047 2671 1105 2732 sed

169 2780 280 2834 tamen
304 2771 366 2833 hoc
389 2792 442 2834 me
455 2773 531 2853 ipse
551 2772 753 2847 consolabar,
776 2772 864 2853 quod
888 2791 953 2833 non
976 2771 1105 2834 dubita-

169 2873 246 2936 bam
269 2874 348 2954 quin
368 2882 403 2936 te
422 2872 477 2935 ille
499 2882 556 2936 aut
577 2873 773 2955 Dyrrhachii
795 2884 853 2936 aut
876 2873 909 2934 in
936 2872 1005 2934 istis
1027 2872 1106 2935 locis

170 2977 297 3057 uspiam
317 2976 444 3040 visurus
462 2984 556 3038 esset.
580 2971 582 2974 ’
601 2977 689 3057 quod
708 2997 809 3057 quum
830 2974 1008 3050 accidisset,
1030 2995 1106 3036 con·

170 3074 313 3140 fidebam
332 3097 370 3139 ac
389 3077 468 3139 mihi
486 3096 710 3159 persuaseram
730 3077 798 3139 sore
819 3086 854 3139 ut
872 3077 982 3138 omnia
998 3075 1106 3156 placa-

170 3186 281 3240 rentur
295 3179 449 3241 intervos
463 3198 530 3241 non
542 3174 642 3241 modo
657 3198 806 3241 sermone
822 3198 860 3240 ac
876 3175 1105 3259 disputatione,

94 3270 217 3412 {mse
266 3289 445 3360 conspectu
484 3280 555 3362 ipso
591 3299 833 3362 congressuque
869 3287 986 3340 vestre.
1029 3297 1105 3340 nam

164 3370 294 3462 'qanta
311 3382 353 3444 sit
379 3383 412 3443 in
434 3380 561 3463 Quinto
585 3381 683 3444 fratre
707 3402 781 3444 meo
807 3381 952 3453 comitas,
983 3389 1107 3461 quanta

169 3484 364 3558 iucunditas
383 3503 482 3565 quam
502 3481 609 3546 mollis
627 3483 755 3546 animus
774 3482 816 3544 ad
835 3481 1058 3562 accipiendam
1073 3489 1107 3543 et

169 3584 212 3646 ad
239 3584 471 3666 deponendam
491 3583 714 3658 offensionem,
742 3582 821 3644 nihil
844 3581 962 3645 attinet
986 3601 1039 3649 me
1065 3582 1107 3643 ad

169 3694 212 3762 te,
242 3686 298 3767 qui
328 3705 367 3748 ea
391 3686 487 3762 nosti,
512 3686 658 3748 scribere.
703 3685 760 3747 sed
785 3684 904 3747 accidit
928 3683 1108 3764 perincom-

936 3799 1022 3859 4-—2
