2748 4144
257 221 292 278 26
414 222 713 284 EPISTOLARUM
740 226 799 283 AD
828 227 1025 287 ATTICUM

253 394 403 477 senatum
419 389 638 473 convenimus,
649 398 782 471 rogatus
797 412 859 473 ego
875 377 1071 457 sententiam
1084 390 1187 457 multa'

253 489 323 551 dixi
339 489 381 551 de
396 508 524 551 summa
539 507 573 552 re
589 490 728 572 publica,
805 513 845 555 ue
860 493 916 555 ille
930 470 1020 556 locus
1035 495 1186 559 inductus
1276 496 1278 500 ’

252 617 272 657 a
295 615 348 685 me
372 603 421 656 est
408 594 619 657 tdivinitus
666 613 772 657 euna
831 615 894 676 aga
916 605 1052 677 accepta
1077 607 1186 678 patres

252 678 425 777 conscripti
451 697 669 770 conciderent,
693 716 734 759 ne
754 697 949 762 deficerent:
972 700 1089 762 vulnus
1115 723 1186 766 esse

251 799 319 861 eius
340 798 438 872 modi,
459 798 548 879 quod
569 797 686 859 mihin
744 798 776 860 d
795 800 1015 863 slmulandum
1031 823 1091 866 nec
1114 825 1186 885 per·

250 900 487 962 timescendum
509 818 825 974 videretuMut
847 904 1024 966 metuendo
1046 905 1185 986 ignavis·

248 1002 323 1064 simi
353 1011 411 1063 aut
437 1000 619 1081 ignorando
648 1000 831 1063 stultissimi
866 1003 1102 1068 iudicaremur:
1135 1006 1189 1069 bis

246 1103 437 1166 'absolutum
452 1123 523 1165 esse
547 1102 734 1177 Lentulum,
750 1104 800 1165 bis
820 1104 1004 1180 Catilinam,
1021 1106 1106 1170 hunc
1121 1117 1184 1169 ter-

247 1206 355 1267 tium
347 1226 412 1267 ram
428 1226 499 1267 esse
514 1225 533 1267 a
554 1205 744 1267 iudicibus
735 1225 768 1268 1n
790 1226 858 1269 rem
879 1206 1068 1287 publicam
1060 1211 1183 1272 rmmis-

248 1325 328 1368 sum.
373 1327 469 1381 erras
486 1304 599 1368 Clodi:
622 1326 688 1368 non
707 1315 740 1369 te
755 1306 879 1369 iudices
895 1307 974 1383 urbi,
990 1309 1047 1371 sed
1064 1313 1182 1373 carceri

247 1355 469 1484 reseriiiiit,
474 1428 579 1489 neque
595 1417 628 1469 te
644 1409 781 1471 retinere
795 1410 827 1470 in
841 1410 979 1480 civitate,
993 1411 1050 1472 sed
1066 1410 1182 1472 exsilio

246 1510 372 1589 privare
387 1509 568 1573 voluerunt
606 1528 705 1590 quam
722 1509 765 1571 ob
781 1530 859 1587 rem,
875 1520 985 1591 patres
1000 1512 1181 1592 conscripti,

246 1611 360 1692 erigite
375 1610 511 1682 animos,
528 1611 664 1673 retinete
675 1620 819 1673 vestram
836 1611 1038 1691 dignitatem.
1070 1622 1181 1674 manet
1196 1628 1356 1745 Mu

245 1713 301 1775 illa
320 1713 353 1774 in
374 1734 408 1775 re
424 1713 554 1794 publica
568 1712 730 1775 bonorum
751 1713 940 1775 consensio:
964 1712 1058 1775 dolor
1076 1710 1193 1777 acces·'

244 1816 287 1877 sit
308 1814 403 1875 bonis
426 1815 509 1889 viris,
531 1814 633 1875 virtus
657 1833 722 1875 non
745 1822 795 1875 est
817 1813 1007 1875 imminuta:
1030 1812 1109 1876 nihil
1132 1825 1181 1877 est

244 1915 356 1976 damni
372 1915 494 1976 factum
506 1914 588 1988 novi,
605 1914 673 1988 sed,
687 1915 776 1995 quod
792 1923 870 1989 erat,
884 1916 1053 1977 inventum
1066 1924 1124 1979 est.
1147 1919 1179 1979 in

244 2017 338 2077 unius
358 2015 498 2078 hominis
514 2015 631 2097 perditi
650 2015 769 2077 iudicio
791 2014 899 2097 plures
922 2016 1043 2079 similes
1062 2021 1179 2099 reperti

242 2126 328 2180 sunt.
374 2134 418 2180 10.
443 2119 500 2180 sed
512 2101 591 2198 quid
603 2117 690 2198 ago?
705 2137 810 2198 paene
819 2119 1000 2180 orationem
1014 2119 1046 2180 in
1059 2121 1180 2205 episto·

242 2217 309 2281 lam
319 2219 441 2281 inclusi.
467 2219 565 2281 redeo
580 2221 623 2283 ad
635 2220 889 2283 altercationem.
916 2220 1178 2303 surgit'pulchel-

241 2321 292 2383 lus
307 2341 394 2402 puer,
405 2321 515 2384 obiicit
528 2321 606 2382 mihi
617 2321 721 2383 mead
732 2321 837 2401 Baias
840 2322 955 2401 surisc-
980 2323 1106 2399 salsum,
1118 2326 1178 2387 sed

240 2432 352 2485 tamen
375 2421 562 2504 quidhoc?
591 2422 697 2485 simile
720 2432 781 2500 est,
805 2424 949 2503 inquam,
973 2426 1066 2506 quasi
1088 2427 1178 2489 dicas

240 2524 400 2605 inoperto
414 2523 522 2586 luisse.
566 2523 652 2604 quid,
669 2525 783 2605 inquit,
798 2524 923 2586 homini
935 2525 1096 2606 Arpinati
1107 2526 1177 2588 c'um

239 2623 334 2704 aquis
361 2624 502 2686 calidis?
545 2626 647 2699 narra,
679 2625 821 2705 inquam,
853 2635 992 2706 patrono
1025 2636 1090 2702 tu0,
1120 2631 1176 2709 qui

118 2736 131 2762 ⁴
239 2725 410 2805 Arpinatis
425 2746 528 2807 aquas
539 2726 735 2807 concupivit.
773 2726 872 2807 (nosti
885 2728 971 2788 enim
988 2727 1173 2806 Marianas.)

197 2801 298 2908 ΚΜ’ᾲιιθ
358 2849 401 2902 ue,
418 2828 533 2910 inquit,
556 2829 640 2891 hunc
658 2849 761 2910 regem
772 2830 947 2910 feremus?
990 2851 1100 2911 regem
1119 2853 1176 2914 ap·

238 2931 349 3012 pellae,
373 2932 516 3013 inquam,
533 2951 635 3012 quum
659 2931 736 2994 Rex
759 2933 806 2995 tui
830 2922 1030 2994 mentionem
1052 2934 1175 2998 nullam

237 3031 373 3095 fecerit?
397 3033 465 3111 (ille
480 3041 591 3095 autem
608 3032 710 3115 Regis
725 3033 941 3097 hereditatem
961 3055 1021 3116 spe
1043 3035 1163 3099 devora

236 3133 307 3215 rat.)
330 3144 332 3147 ’
346 3133 482 3209 domum,
499 3136 612 3216 inquit,
628 3134 742 3198 emisti.
780 3144 884 3217 poteS,
901 3135 1044 3215 inquam,
1059 3136 1176 3218 dicere,

236 3236 373 3299 ‘iudices
387 3238 495 3299 emisti
506 3234 526 3298 '?
547 3235 680 3311 iuranti,
693 3237 807 3318 inquit,
818 3236 879 3299 tibi
892 3258 952 3298 non
967 3237 1174 3302 crediderunt.

237 3338 316 3400 mihi
336 3357 421 3410 ver0,
438 3338 580 3418 inquam,
598 3351 677 3399 xxv
697 3337 820 3401 iudices
840 3337 1055 3414 crediderunt,
1073 3352 1174 3415 xxxl,

235 3439 391 3522 quoniam
411 3458 529 3500 numos
544 3447 622 3501 ante
636 3449 842 3520 acceperunt,
858 3439 919 3503 tibi
935 3440 1014 3502 nihil
1030 3441 1174 3505 eredide-

235 3549 318 3603 runt
373 3540 502 3622 magnis
536 3539 732 3603 clamoribus
760 3540 915 3604 adflictus
950 3544 1108 3607 conticuit
1140 3554 1174 3626 et

236 3640 387 3706 concidit.
448 3658 494 3706 11.
526 3649 638 3705 noster
658 3650 893 3707 autemstatus
915 3653 965 3707 est
987 3644 1061 3708 hic:
1082 3647 1172 3728 apud
