2748 4144
243 243 261 298 6
409 244 711 305 EPISTOLARUM
738 246 796 304 AD
824 246 1021 306 ATTICUM

245 413 331 474 quae
351 394 431 457 mihi
447 404 546 458 antea
561 396 655 477 signa
671 398 795 471 misisti,
812 418 852 460 ea
872 398 1019 460 nondum
1033 399 1108 462 vidi.
1147 400 1184 462 in

246 494 422 557 Formiano
439 504 525 570 sunt,
542 517 608 577 quo
623 518 686 578 ego
707 518 793 560 nunc
812 498 971 579 proticisci
990 501 1185 583 cogitabam.

245 595 301 658 illa
321 598 432 659 omnia
451 598 484 659 in
504 598 726 662 Tusculanum
748 600 940 681 deportabo,
979 602 1137 678 Caietam,
1159 607 1185 668 si

244 698 378 779 quando
407 699 576 762 abundare
605 721 753 782 coeper0,
791 704 923 766 ornabo
974 703 1073 768 libros
1107 716 1182 771 tuos

244 819 399 863 conserva
428 811 462 864 et
491 802 558 864 noli
589 803 763 883 desperare
796 824 851 867 eos
882 824 935 867 me
964 826 1057 870 meos
1079 808 1186 873 facere

244 920 347 981 posse.
389 903 478 982 quod
502 903 529 965 si
551 904 723 984 adsequor,
749 924 867 985 supero
887 905 1041 970 Crassum
1065 909 1185 974 divitiis

243 1016 344 1086 atque
367 1009 515 1070 omnium
530 1009 618 1071 vicos
634 1018 668 1071 et
682 1019 776 1090 prata
792 1019 977 1074 contemno

697 1244 737 1306 V.

379 1390 520 1472 (Romae.
563 1390 701 1467 Metello,
723 1391 852 1455 Marcio
873 1413 947 1456 coss.
970 1393 1053 1475 686.)

521 1556 661 1621 Cremo
690 1556 835 1622 Anarco
866 1558 899 1623 S.

312 1720 336 1766 1.
381 1702 551 1784 Quantum
589 1705 736 1769 dolorem
773 1707 954 1789 acceperim
993 1717 1026 1771 et
1058 1718 1183 1791 quanto

245 1804 349 1868 fructu
374 1806 436 1867 sim
462 1806 608 1887 privatus
632 1818 665 1870 et
689 1808 809 1871 forensi
832 1818 865 1872 et
885 1809 1066 1874 domestico
1091 1812 1182 1875 Lucii

243 1904 350 1967 fratris
372 1908 474 1969 nostri
497 1917 610 1984 morte,
627 1909 660 1970 in
680 1910 794 1990 primis
808 1931 868 1992 pro
884 1921 996 1974 nostra
1010 1922 1183 1976 consuetu-

244 2008 320 2070 dine
342 2016 378 2071 tu
397 2009 587 2073 existimare
608 2022 711 2092 potes.
760 2032 837 2074 nam
860 2012 940 2075 mihi
958 2015 1078 2087 omnia,
1099 2035 1183 2096 quae

244 2111 384 2174 iucunda
405 2132 449 2174 ex
468 2112 673 2176 humanitate
692 2113 824 2176 alterius
842 2123 875 2177 et
893 2115 1038 2178 moribus
1059 2116 1183 2178 homini

243 2212 389 2275 accidere
413 2223 560 2294 possunt,
585 2235 629 2277 ex
653 2215 709 2278 illo
730 2216 931 2279 accidebant
976 2237 1042 2298 qua
1061 2238 1095 2283 re
1117 2238 1182 2281 non

244 2313 359 2377 dubito
374 2314 453 2395 quin
476 2315 536 2377 tibi
551 2336 683 2397 quoque
705 2316 739 2378 id
762 2316 937 2380 molestum
960 2319 1011 2394 sit,
1026 2339 1127 2400 quum
1150 2330 1183 2395 et

244 2437 318 2479 meo
340 2416 453 2480 dolore
468 2438 619 2482 moveare
635 2429 668 2481 et
683 2419 753 2499 ipse
768 2419 858 2481 omni
872 2421 994 2483 virtute
1012 2420 1183 2502 officioque

243 2520 487 2583 ornatissimum
502 2520 616 2602 tuique
633 2531 664 2583 et
680 2541 739 2583 sua
753 2531 876 2603 sponte,
887 2530 920 2584 et
937 2542 1011 2585 meo
1033 2543 1182 2586 sermone

243 2633 410 2683 amantem
430 2623 574 2685 adfinem
597 2624 805 2704 amicumque
827 2623 980 2686 amiseris.
1027 2639 1054 2686 2.
1093 2625 1181 2705 quod

243 2721 286 2783 ad
314 2742 368 2783 me
391 2723 503 2785 scribis
534 2724 575 2785 de
605 2744 714 2787 sorore
740 2734 806 2801 tua,
831 2726 924 2787 testis
948 2724 1008 2787 erit
1030 2724 1089 2787 tibi
1112 2725 1182 2806 ipsa

244 2832 388 2905 quantae
409 2822 488 2886 mihi
511 2844 607 2887 curae
628 2825 731 2897 suerit,
749 2835 785 2887 ut
801 2824 915 2906 Quinti
933 2825 1040 2888 fratris
1054 2826 1182 2888 animus

244 2925 277 2986 in
293 2944 366 2987 eam
382 2936 468 2988 esset
484 2925 510 2986 is
526 2928 581 3006 qui
601 2947 671 2988 esse
691 2927 832 2989 deberet.
875 2947 973 3008 quem
989 2947 1092 3008 quum
1112 2947 1183 2990 esse

243 3029 449 3092 offensiorem
473 3031 652 3105 arbitrarer,
683 3051 738 3093 eas
768 3030 892 3093 litteras
921 3030 964 3092 ad
994 3051 1069 3093 eum
1100 3031 1181 3106 misi,

243 3130 362 3211 quibus
383 3141 416 3194 et
438 3131 602 3214 placarem
621 3140 657 3193 ut
680 3131 812 3195 fratrem
836 3140 869 3194 et
889 3151 1056 3194 monerem
1072 3141 1109 3194 ut
1124 3133 1182 3195 mi-

244 3252 356 3296 norem
381 3242 414 3297 et
437 3234 644 3314 obiurgarem
669 3243 705 3295 ut
730 3242 902 3295 errantem.
947 3233 1057 3313 itaque
1076 3253 1119 3295 ex
1134 3234 1181 3306 iis,

243 3358 329 3419 quae
344 3346 460 3418 postea
474 3331 574 3416 saepe
588 3336 631 3397 ab
646 3356 686 3397 eo
701 3335 744 3397 ad
756 3355 809 3397 me
824 3334 945 3416 scripta
956 3344 1041 3411 sunt,
1052 3334 1182 3398 confido

244 3440 290 3502 ita
311 3459 382 3502 esse
403 3438 523 3511 omnia,
540 3447 577 3499 ut
599 3448 632 3500 et
654 3446 805 3518 oporteat
826 3447 860 3500 et
881 3437 1028 3501 velimus.
1077 3455 1104 3517 3.
1140 3439 1182 3501 de

244 3541 423 3603 litterarum
440 3539 593 3602 missione
607 3539 677 3601 sine
689 3559 787 3601 causa
798 3538 858 3602 abs
869 3548 903 3602 te
914 3559 1055 3602 accusor.
1100 3559 1180 3601 nun-

243 3661 344 3724 quam
365 3642 451 3704 enim
470 3661 490 3703 a
506 3639 687 3722 Pomponia
711 3649 823 3703 nostra
845 3641 962 3704 certior
983 3660 1056 3703 sum
1075 3640 1181 3705 faetus
