2748 4144
523 207 599 307 Llli.
617 208 640 264 I.
665 208 723 267 ΕΡ,
743 225 785 280 13.
969 200 973 205 ’
1083 223 1116 280 17

185 353 420 417 amicus-scin
450 373 548 433 quem
577 352 684 420 dicam
697 352 794 414 ?-de
823 371 889 433 quo
921 360 958 414 tu
990 351 1033 414 ad
1068 372 1119 414 me

186 455 350 536 scripsisti,
372 463 486 536 postea
510 473 610 536 quam
635 473 700 516 non
721 454 857 515 auderet
876 452 1119 533 reprehendere,

187 554 320 618 laudare
334 556 488 635 coepisse,
504 574 573 630 nos,
589 563 627 616 ut
641 555 792 630 ostendit,
808 555 988 618 admodum
1003 554 1119 635 diligit,

185 657 399 738 amplectitur,
425 665 523 731 amat,
545 665 658 738 aperte
683 646 811 719 laudat:
833 656 968 730 occulte,
991 656 1049 719 sed
1074 656 1121 717 ita

187 767 224 820 ut
259 761 465 840 perspicuum
501 760 551 830 sit,
589 757 720 820 invidet.
780 757 860 818 nihil
897 777 1001 833 come,
1038 757 1120 819 nihil

187 858 338 940 simplex,
368 850 448 919 nihil
477 857 510 920 ἐν
537 859 603 924 τοῖς
628 860 805 924 πολιτικοῖς
829 857 1013 929 honestum,
1041 857 1120 933 nihil

187 961 319 1036 illustre,
340 960 418 1022 nihil
439 959 637 1035 forte,.nihil
658 959 807 1022 liberum.
844 960 902 1022 sed
925 960 1007 1023 haec
1024 960 1068 1023 ad
1087 969 1120 1023 te

187 1063 326 1123 scribam
355 1060 436 1123 alias
464 1060 634 1122 subtilius:
662 1080 740 1122 nam
769 1080 877 1141 neque
904 1061 1012 1123 adhuc
1041 1062 1119 1124 mihi

187 1163 266 1224 satis
282 1171 361 1224 nota
382 1171 460 1224 sunt
483 1170 516 1223 et
535 1159 612 1222 huic
634 1169 739 1223 terrae
758 1160 825 1222 filio
841 1163 1016 1225 nesciocui
1032 1184 1121 1226 corn·

188 1263 317 1325 mittere
343 1261 516 1344 epistolam
539 1260 640 1323 tantis
661 1260 704 1323 de
727 1260 822 1323 rebus
845 1281 910 1324 non
933 1262 1047 1327 audeo.
1093 1279 1120 1343 5.

188 1365 368 1447 provincias
381 1371 546 1444 praetores
558 1361 704 1425 nondum
717 1363 821 1424 sortiti
832 1371 915 1425 sunt.
941 1383 992 1426 res
1004 1365 1120 1427 eodem

187 1475 238 1527 est
261 1465 332 1536 loci,
356 1485 422 1546 quo
447 1463 612 1553 reliquisti.
656 1459 855 1525 Τοποθεσίαυ
882 1484 982 1545 quam
1008 1474 1120 1546 postu-

188 1565 236 1628 las
252 1566 370 1628 Miseni
393 1575 425 1628 et
442 1562 653 1627 Puteolorum
673 1566 838 1628 includam
857 1566 995 1628 orationi
1018 1586 1120 1630 meae.

187 1667 265 1730 ad.
289 1681 332 1730 111
354 1669 440 1729 Non.
464 1666 635 1730 Decembr.
662 1666 819 1730 mendose
841 1667 940 1730 fuisse
969 1666 1118 1730 animad-

187 1779 356 1833 verteram.
401 1791 486 1851 quae
501 1770 616 1832 laudas
631 1790 676 1832 ex
691 1771 902 1844 orationibus
918 1771 998 1834 mihi
1014 1770 1119 1846 crede,

188 1872 283 1935 valde
313 1872 392 1934 mihi
422 1872 604 1954 placebant,
634 1871 692 1934 sed
728 1892 793 1933 non
825 1873 989 1940 audebam
1023 1882 1122 1935 antea

188 1974 314 2036 dicere:
337 1993 424 2035 nunc
443 1994 528 2048 ver0‚
548 1972 638 2054 quod
658 1982 732 2035 ate
752 1973 890 2054 probata
908 1983 993 2047 sunt,
1018 1974 1121 2036 multo

189 2074 268 2137 mihi
284 2071 475 2157 α’ττικώτερα
489 2074 648 2137 videntur.
693 2074 726 2136 in
747 2073 836 2136 illam
854 2075 1035 2137 orationem
1051 2075 1121 2137 Me·

188 2176 336 2240 tellinam
352 2176 464 2238 addidi
480 2176 651 2256 quaedam.
697 2175 778 2238 liber
792 2175 853 2238 tibi
869 2176 1024 2251 mittetur,
1041 2196 1121 2256 quo-

189 2280 277 2341 niam
296 2288 330 2342 te
353 2299 446 2341 amor
466 2278 567 2341 nostri
586 2273 782 2362 φιλορήτορα
800 2278 952 2341 reddidit.
989 2279 1019 2341 6.
1046 2280 1120 2340 novi

188 2383 249 2445 tibi
265 2382 422 2465 quidnam
437 2373 597 2447 scribam?
619 2380 718 2462 quid?
740 2380 848 2444 etiam.
887 2380 1030 2443 Messala
1044 2401 1121 2444 con-

188 2484 240 2547 sul
255 2483 497 2547 Autronianam
516 2483 651 2545 domum
667 2483 747 2546 emit
768 2481 838 2545 HS.
858 2494 996 2544 xxxvll.
1041 2484 1120 2563 quid

189 2586 222 2649 id
248 2586 290 2648 ad
315 2606 376 2661 me,
400 2583 551 2665 inquies?
572 2592 710 2658 tanturn,
734 2583 823 2663 quod
843 2603 881 2644 ea
902 2583 1067 2663 emptione
1087 2593 1121 2646 et

190 2709 249 2751 nos
264 2689 348 2750 bene
368 2689 485 2750 emisse
505 2687 638 2750 iudicati
658 2707 770 2749 sumus
789 2696 823 2748 et
840 2686 989 2749 homines
1004 2686 1121 2751 intelli·

188 2810 265 2870 gere
298 2799 474 2869 coeperunt
505 2788 601 2850 licere
632 2788 811 2850 amicorum
846 2786 1054 2850 facultatibus
1088 2789 1120 2851 in

101 2932 104 2939 -
189 2889 329 2952 emendo
344 2890 387 2951 ad
402 2889 596 2971 dignitatem
616 2888 760 2971 aliquam
775 2891 950 2971 pervenire.
994 2889 1122 2976 Terixptr
1206 2935 1208 2939 .

110 3001 114 3011 “
189 2991 245 3053 illa
267 2991 392 3053 lentum
419 2991 592 3072 negocium
617 3000 675 3065 est,
699 2991 757 3052 sed
782 3000 894 3053 tamen
919 2999 970 3053 est
995 2992 1028 3053 in
1053 3012 1120 3073 spe.

188 3102 225 3155 tu
247 3093 310 3154 ista
329 3088 459 3154 confice.
502 3111 523 3154 a
545 3092 639 3154 nobis
661 3092 844 3154 liberiorem
866 3090 1041 3172 epistolam
1063 3112 1122 3154 ex-

188 3202 308 3276 specta
353 3206 391 3255 Vl
414 3191 555 3257 Kalend.
571 3193 663 3256 Febr.
705 3193 750 3256 M.
772 3192 916 3256 Messala
936 3192 981 3255 M.
1003 3192 1120 3256 Pisone

188 3315 271 3359 coss.
408 3310 410 3315 ⁴
