2748 4144
504 285 580 344 mn
597 285 622 344 1.
645 286 705 344 nn.
724 300 767 360 η.
884 280 891 293 ·
1029 264 1032 268 ‘
1064 303 1099 360 31

167 440 302 502 stitutae
317 438 414 514 vitae,
431 410 521 519 quod
538 457 591 500 me
606 436 743 499 ambitio
760 433 924 518 quaedam
942 433 985 497 ad
1000 433 1102 496 hono-

168 559 239 602 rum
255 538 410 612 studium,
426 545 460 601 te
475 546 585 600 autem
601 536 666 600 alia
683 535 817 598 minime
835 532 1119 615 reprehendenda

168 641 249 703 ratio
282 641 325 703 ad
362 640 538 703 honestum
571 638 679 702 ocium
709 637 817 701 duxit.
861 657 939 700 vera
967 636 1101 718 quidem

167 737 264 802 laude
290 740 472 821 probitatis,
500 738 697 821 diligentiae,
726 737 890 820 religionis
916 755 1023 818 neque
1048 756 1101 799 me

167 839 227 901 tibi
246 859 352 921 neque
373 859 573 921 quemquam
594 849 769 921 antepono,
790 837 910 901 amoris
929 858 1006 901 vero
1024 858 1102 918 erga

167 959 228 1015 me,
243 960 346 1022 quum
366 962 387 1003 a
405 941 547 1004 fraterno
586 960 676 1003 more
695 940 942 1020 domesticoque
958 939 1099 1015 discessi,

166 1042 226 1104 tibi
245 1043 367 1125 primas
388 962 586 1223 delerosd.
609 1043 676 1106 vidi
697 1043 795 1119 enim,
815 1042 883 1106 vidi
905 1041 1101 1124 penitusque

167 1144 320 1226 perspexi
335 1145 367 1206 in
384 1144 465 1207 meis
480 1166 501 1208 v
539 1144 576 1206 'is
594 1145 796 1226 temporibus
814 1153 848 1207 et
865 1142 1100 1206 sollicitudines

166 1255 200 1309 ct
222 1244 362 1309 laetitias
385 1254 466 1308 tuas.
512 1244 571 1307 fuit
590 1244 669 1306 mihi
687 1265 786 1326 saepe
802 1254 835 1307 et
850 1243 955 1307 laudis
971 1251 1101 1306 nostrae

165 1348 341 1428 gratulatio
360 1356 417 1410 tua
435 1348 574 1410 iucunda
594 1355 628 1425 et
647 1347 773 1409 timoris
793 1345 975 1409 consolatio
995 1355 1099 1427 grata.

166 1450 246 1531 quin
268 1448 347 1511 mihi
369 1468 456 1511 nunc
480 1457 515 1510 te
533 1444 679 1511 'absente
702 1468 768 1510 non
791 1447 897 1511 solum
918 1446 1100 1523 consilium,

166 1558 284 1637 quotu
298 1548 443 1625 excellis,
464 1549 522 1612 sed
542 1550 641 1612 etiam
660 1550 818 1612 sermonis
836 1551 1098 1626 communicatio,

166 1670 251 1730 quae
276 1649 355 1713 mihi
378 1650 570 1714 suavissima
595 1658 705 1712 tecum
734 1649 819 1714 solet
848 1671 927 1726 esse,
954 1651 1100 1715 maxime

167 1752 381 1834 deest-quid
399 1754 506 1816 dicam
517 1753 605 1815 ?-in
625 1753 800 1835 publicane
815 1773 857 1828 re,
881 1774 948 1837 quo
969 1754 1002 1816 in
1022 1775 1100 1835 gen·

166 1875 220 1918 ere
244 1855 324 1917 mihi
349 1854 527 1937 negligenti
551 1876 623 1918 esse
648 1875 713 1917 non
743 1854 827 1929 licet,
854 1875 897 1918 an
921 1856 953 1917 in
983 1856 1099 1918 sorensi

167 1957 284 2032 labore,
297 1977 395 2039 quem
410 1967 508 2020 antea
519 1966 652 2039 propter
662 1958 876 2020 ambitionem
889 1959 1098 2031 sustinebam,

166 2079 259 2134 nunc,
276 2067 313 2120 ut
329 2059 525 2139 dignitatem
543 2058 626 2121 tueri
644 2058 749 2139 gratia
767 2058 899 2139 possim,
917 2078 960 2121 an
975 2058 1007 2121 in
1022 2059 1100 2140 ipsis

166 2158 352 2222 domesticis
367 2159 517 2239 negociis,
537 2158 570 2220 in
585 2159 703 2239 quibus
721 2178 784 2239 ego
801 2178 902 2239 quum
918 2168 1015 2222 antea
1030 2168 1099 2221 tum

128 2300 130 2303 -
165 2275 243 2320 vero
257 2263 333 2335 post
351 2256 530 2319 discessum
549 2255 655 2318 fratris
674 2264 708 2318 te
728 2275 957 2338 sermonesque
973 2266 1101 2320 nostros

165 2355 337 2419 desidero?
371 2364 536 2438 postremo
554 2376 619 2418 non
641 2356 733 2419 labor
752 2376 853 2433 meus,
875 2376 941 2418 non
964 2356 1101 2437 requies,

165 2475 232 2520 non
257 2455 437 2539 negocium,
462 2475 528 2517 non
554 2457 673 2535 ocium,
697 2476 763 2519 non
787 2456 929 2519 forenses
951 2476 1010 2531 res,
1035 2475 1101 2517 non

165 2558 372 2632 domesticae,
393 2578 459 2623 non
477 2558 635 2637 publicae,
657 2578 723 2620 non
742 2559 888 2641 privatae
905 2577 1014 2622 carere
1031 2558 1101 2621 diu·

165 2661 229 2723 tius
249 2670 308 2724 tuo
329 2663 523 2727 suavissimo
543 2672 644 2743 atque
664 2661 889 2724 amantissimo
909 2659 1043 2724 consilio
1063 2682 1102 2724 ac

156 2782 314 2848 ‚sermone
342 2775 488 2846 possunt.
540 2778 568 2845 7.
594 2772 695 2846 atque
729 2763 844 2826 harum
880 2781 985 2825 rerum
1014 2781 1102 2826 com·

166 2867 436 2930 memorationem
457 2867 652 2931 verecundia
673 2886 773 2948 saepe
795 2864 965 2947 impedivit
987 2863 1103 2927 utrius·

142 2952 230 3051 5que
269 2978 424 3032 nostrum.
476 2990 562 3032 nunc
600 2978 712 3031 autem
747 2988 788 3031 ea
826 2967 886 3029 suit
921 2967 1102 3029 necessaria

165 3078 299 3152 propter
312 3089 385 3131 eam
399 3079 527 3150 partem
547 3070 705 3151 epistolae
723 3079 808 3143 tuae,
826 3089 885 3150 per
901 3087 1001 3149 quam
1017 3076 1050 3130 te
1065 3088 1103 3131 ac

165 3189 272 3232 mores
287 3178 362 3232 tuos
377 3169 455 3231 mihi
471 3178 629 3251 purgatos
644 3191 683 3233 ac
700 3170 856 3252 probatos
875 3188 947 3231 esse
961 3166 1102 3230 voluisti.

164 3281 265 3354 atque
281 3271 314 3333 in
329 3272 391 3334 ista
406 3272 676 3335 incommoditate
694 3271 827 3334 alienati
840 3269 925 3332 illius
948 3269 1048 3331 animi
1069 3277 1104 3330 et

163 3371 281 3438 offensi
301 3373 380 3435 illud
399 3374 483 3436 inest
501 3383 612 3437 tamen
633 3374 806 3446 commodi,
822 3372 912 3455 quod
927 3382 961 3436 et
976 3372 1063 3435 mihi
1070 3382 1104 3436 et

163 3476 300 3538 caeteris
322 3475 434 3538 amicis
456 3476 521 3539 tuis
543 3485 622 3539 nota
648 3476 709 3538 luit
730 3486 764 3539 et
786 3477 845 3538 abs
868 3483 903 3538 te
928 3474 1104 3557 aliquando

163 3573 340 3638 testificata
360 3585 417 3639 tua
439 3577 592 3641 voluntas
614 3577 818 3641 omittendae
840 3577 1035 3659 provinciae,
1059 3587 1105 3655 ut,

163 3674 254 3758 quod
280 3696 345 3738 una
371 3695 437 3741 non
464 3677 551 3755 estis,
578 3698 643 3740 non
673 3679 875 3742 dissensione
902 3699 940 3744 ac
966 3680 1104 3744 discidio
