2748 4144
348 868 488 946 (Romae.
542 865 640 946 Cotta,
669 869 826 952 Torquato
846 892 918 937 coss.
940 873 1025 955 689.)

507 1039 647 1108 C1cnn0
669 1043 812 1109 A‘ruco
835 1044 867 1109 S.

286 1190 310 1237 1.
348 1173 560 1237 PETITIONIS
569 1182 707 1245 nostrae,
718 1191 817 1253 quam
829 1171 889 1234 tibi
897 1192 1046 1235 summae
1056 1193 1152 1238 curae

165 1315 168 1318 -
217 1295 288 1338 esse
302 1275 379 1349 scio,
395 1275 490 1338 huius
507 1274 695 1339 meditatio
717 1283 777 1346 est,
793 1273 882 1355 quod
899 1273 1007 1336 adhuc
1025 1276 1164 1338 conieci

216 1384 291 1439 tura
305 1375 466 1457 provideri
481 1377 593 1459 possit
637 1383 770 1457 prensat
786 1395 869 1438 unus
886 1375 918 1437 P.
935 1375 1052 1440 Galba.
1081 1378 1152 1442 sine

215 1475 291 1541 suco
305 1498 345 1542 ac
358 1477 502 1553 fallaciis,
519 1498 610 1541 more
626 1477 795 1552 maiorum,
812 1485 957 1556 negatur.
988 1486 1024 1540 ut
1039 1478 1150 1560 opinio

213 1588 266 1646 est
283 1579 465 1660 hominum,
482 1600 547 1643 non
568 1578 674 1642 aliena
696 1579 813 1640 rationi
832 1588 963 1641 nostrae
985 1579 1046 1642 fuit
1064 1580 1150 1644 illius

165 1737 171 1751 ,
214 1681 296 1745 haec
324 1701 542 1765 praepropera
565 1682 740 1765 prensatio.
784 1701 862 1743 nam
887 1681 933 1744 illi
957 1682 1004 1746 ita
1026 1695 1150 1766 negant

213 1785 323 1868 vulg0,
340 1795 376 1848 ut
392 1787 470 1849 mihi
482 1807 518 1850 se
533 1786 652 1850 debere
666 1785 786 1849 dicant.
816 1785 863 1848 ita
878 1785 1036 1867 quiddam
1052 1808 1149 1870 spero

213 1887 309 1950 nobis
338 1886 460 1970 profici,
490 1908 591 1969 quum
621 1887 685 1951 hoc
719 1887 960 1968 percrebrescit,
990 1887 1148 1969 plurimos

214 1998 342 2052 nostros
357 1990 480 2053 amicos
501 1989 647 2052 inveniri.
692 2008 752 2050 nos
771 1997 884 2050 autem
905 1987 1034 2051 initium
1054 2009 1148 2071 pren·

211 2090 306 2153 sandi
336 2089 442 2153 facere
471 2090 691 2171 cogitaramus
720 2110 759 2152 eo
789 2091 861 2171 ipso
891 2099 1050 2173 tempore,
1080 2114 1147 2175 quo

211 2200 306 2253 tuum
336 2210 473 2272 puerum
504 2211 578 2253 cum
608 2190 659 2254 his
688 2190 805 2253 litteris
828 2190 987 2273 proficisci
1015 2192 1147 2259 Cincius

211 2293 350 2364 dicebat,
376 2293 409 2354 in
432 2313 560 2374 campo,
592 2292 732 2355 comitiis
761 2292 949 2367 tribuniciis,
975 2313 1002 2354 a
1019 2294 1050 2357 ct
1080 2309 1146 2358 xvt

211 2391 354 2454 Kalend.
377 2391 470 2455 Sext.
514 2392 752 2474 competitores,
775 2392 831 2473 qui
855 2393 934 2455 certi
964 2413 1035 2456 esse
1056 2395 1145 2461 vide·

209 2502 314 2568 antur,
332 2492 438 2556 Galba
453 2503 488 2556 et
506 2492 673 2555 Antonius
694 2502 728 2557 et
751 2492 792 2574 Q.
818 2492 1017 2557 Cornificius.
1062 2505 1144 2578 puto

209 2604 243 2659 te
263 2597 296 2657 in
313 2594 377 2657 hoc
400 2604 457 2657 aut
481 2595 588 2658 risisse
610 2604 669 2657 aut
688 2595 894 2676 ingemuisse.
940 2605 976 2658 ut
1002 2595 1143 2661 frontem

208 2695 312 2772 serias,
326 2703 404 2757 sunt
418 2695 475 2777 qui
490 2696 591 2757 etiam
608 2695 803 2759 Caesonium
815 2705 940 2777 putent
970 2697 1142 2779 Aquilium

208 2818 274 2860 non
288 2797 492 2873 arbitramur,
508 2796 565 2878 qui
583 2797 726 2879 denegat
746 2807 780 2859 et
797 2798 914 2862 iuravit
937 2800 1087 2863 morbum
1109 2813 1143 2865 et

207 2900 288 2963 illud
303 2919 399 2962 suum
416 2919 552 2981 regnum
570 2899 720 2962 iudiciale
739 2902 901 2982 opposuit.
947 2903 1097 2982 Catilina,
1113 2908 1140 2969 si

206 3002 386 3066 iudicatum
402 3002 464 3063 erit
479 3000 614 3064 meridie
634 3021 700 3064 non
720 3001 836 3079 lucere,
853 3011 961 3069 certus
975 3007 1036 3069 erit
1050 3028 1139 3070 com·

205 3107 333 3188 petitor.
377 3106 419 3167 de
448 3103 529 3165 Auli
558 3103 625 3167 filio
655 3114 689 3169 et
719 3104 872 3168 Palicano
901 3127 967 3169 non
996 3120 1076 3190 puto
1106 3121 1139 3175 te

205 3216 398 3290 exspectare
413 3207 493 3269 dum
508 3207 656 3269 scribam.
711 3222 738 3268 2.
771 3207 813 3270 de
831 3208 878 3283 iis,
894 3209 949 3290 qui
973 3229 1059 3271 nunc
1077 3232 1133 3293 pe-

203 3318 287 3386 tunt,
304 3310 426 3375 Caesar
440 3318 548 3371 certus
562 3318 704 3391 putatur.
750 3307 912 3371 Thermus
932 3329 1006 3372 cum
1024 3310 1136 3374 Silano

202 3412 400 3476 contendere
414 3411 640 3473 existimatur:
657 3411 713 3492 qui
728 3411 775 3472 sic
790 3411 903 3493 inopes
919 3420 952 3474 et
967 3411 1009 3473 ab
1024 3414 1137 3478 amicis

202 3523 236 3578 et
258 3511 504 3576 existimatione
525 3520 610 3586 sunt,
638 3520 674 3573 ut
697 3511 776 3572 mihi
799 3511 950 3574 videatur
970 3531 1036 3574 non
1061 3534 1132 3577 esse

200 3612 354 3680 ἀδύνατον
380 3612 515 3678 Curium
538 3613 709 3679 obducere.
753 3613 811 3676 sed
837 3613 901 3676 boc
924 3625 1054 3696 praeter
1082 3637 1135 3681 me
