2748 4144
490 267 567 323 LIB.
584 266 608 323 Ι.
632 266 691 322 ΕΡ.
708 284 753 322 20.
1050 278 1087 334 43

159 415 370 499 reprehendo,
402 414 491 495 quod
521 414 628 476 ocium
664 411 809 476 nunciati
840 431 858 474 e
887 408 994 472 Gallia
1023 428 1089 470 non

159 540 281 600 magno
310 539 408 599 opere
437 516 569 599 gaudet.
614 516 713 596 cupit,
740 514 847 586 cred0,
878 512 1088 594 triumphare.

157 620 221 684 hoc
235 618 352 682 vellem
369 618 576 680 mediocrius:
600 627 727 679 caetera
742 617 883 698 egregia.
907 613 987 676 Auli
1005 615 1089 679 filius

157 740 235 783 vero
250 720 297 782 ita
311 740 346 782 se
361 719 453 800 gerit,
470 728 507 780 ut
522 719 592 780 eius
613 718 801 780 consulatus
820 737 885 778 non
901 714 1089 779 consulatus

158 823 210 896 sit,
225 821 283 883 sed
299 820 413 901 Magni
430 819 531 881 nostri
552 815 702 881 ὑπώπιον.
748 818 776 879 6.
808 818 850 880 de
865 817 946 879 meis
962 818 1089 899 scriptis

158 922 231 984 misi
262 921 304 983 ad
330 930 364 983 te
390 920 515 983 Graece
536 917 715 1001 perfectum
740 918 944 980 consulatum
970 938 1088 982 meum.

158 1043 234 1085 eum
264 1021 382 1082 librum
408 1020 445 1082 L.
472 1019 621 1082 Cossinio
656 1018 741 1080 dedi.
793 1026 875 1099 puto
898 1027 932 1079 te
963 1017 1089 1081 Latinis

159 1124 240 1185 meis
250 1122 411 1196 delectari,
421 1121 495 1183 huic
504 1129 614 1182 autem
626 1119 751 1182 Graeco
763 1120 924 1182 Graecum
937 1120 1087 1185 invidere.

158 1224 255 1286 aliisi
276 1225 471 1304 scripserint,
493 1222 662 1284 mittemus
677 1222 720 1283 ad
735 1231 777 1296 te,
798 1222 866 1296 sed,
888 1220 1087 1294 mihicrede,

158 1325 256 1387 simul
287 1334 385 1404 atque
421 1323 484 1386 hoc
518 1331 665 1385 nostrum
699 1323 854 1403 legerunt,
886 1322 994 1384 nescio
1023 1344 1089 1404 quo

161 1433 260 1507 pacto
291 1426 503 1486 retardantur.
554 1439 580 1503 7.
615 1443 709 1497 nunc,
741 1432 776 1486 ut
806 1423 848 1484 ad
878 1442 945 1484 rem
980 1444 1088 1486 meam

158 1526 299 1597 redeam,
325 1524 361 1586 L.
383 1525 529 1605 Papirius
549 1524 675 1599 Paetus,
699 1524 873 1586 virbonus
896 1533 1089 1606 amatorque

159 1633 278 1697 noster,
300 1624 379 1686 mihi
395 1625 493 1690 libros
509 1647 574 1702 eoS,
591 1648 673 1708 quos
690 1626 757 1690 Ser.
775 1625 931 1690 Claudius
948 1626 1087 1708 reliquit,

160 1727 304 1789 donavit.
360 1747 460 1807 quum
490 1728 569 1789 mihi
599 1749 658 1809 per
684 1729 790 1809 legem
818 1728 964 1790 Cinciam
994 1727 1089 1791 licere

160 1847 275 1907 capere
299 1826 429 1889 Cincius
451 1829 574 1889 amicus
597 1838 672 1890 tuus
697 1829 828 1902 diceret,
853 1828 993 1891 libenter
1018 1829 1088 1890 dixi

159 1947 213 1989 me
232 1937 448 2008 accepturum,
466 1929 494 1990 si
514 1929 684 1991 attulisset.
729 1950 815 1991 nunc
834 1931 861 1991 si
877 1950 930 1991 me
945 1950 1045 2002 amas,
1061 1933 1088 1992 si

158 2039 192 2091 te
215 2050 234 2091 a
259 2050 311 2091 me
334 2030 436 2091 amari
462 2031 532 2105 scis,
558 2033 681 2093 enitere
707 2052 765 2112 per
788 2033 919 2107 amicos
948 2033 1088 2108 clientes,

158 2130 311 2212 hospites,
333 2131 466 2194 libertos
485 2134 626 2215 denique
646 2154 685 2196 ac
703 2154 813 2196 servos
836 2143 918 2207 tuoS,
942 2144 978 2196 ut
997 2135 1088 2197 scida

159 2251 201 2294 ne
219 2254 284 2314 qua
308 2233 471 2314 depereat.
516 2255 592 2297 nam
615 2243 648 2297 et
669 2233 800 2298 Graecis
823 2234 873 2296 his
892 2233 990 2309 libris,
1007 2256 1088 2316 quos

158 2337 311 2415 suspicor,
327 2343 360 2396 et
376 2334 509 2407 Latinis,
526 2355 608 2416 quos
625 2337 692 2397 scio
713 2334 803 2396 illum
819 2334 992 2414 reliquisse,
1009 2335 1088 2397 mihi

157 2438 367 2502 vehementer
391 2458 473 2520 opus
497 2448 554 2502 est.
598 2460 660 2520 ego
685 2447 796 2501 autem
826 2438 945 2500 cotidie
974 2440 1087 2518 magis,

159 2543 247 2625 quod
264 2542 342 2606 mihi
358 2544 399 2605 de
421 2543 540 2606 lorensi
561 2543 673 2606 labore
691 2544 848 2624 temporis
869 2544 972 2617 datur,
991 2543 1024 2604 in
1039 2541 1088 2604 his

158 2646 273 2707 studiis
288 2648 490 2726 conquiesco.
535 2666 596 2727 per
608 2646 695 2721 mihi,
712 2666 778 2727 per,
800 2648 941 2726 inquam,
958 2655 1088 2726 gratum

159 2746 279 2821 feceris,
295 2750 322 2809 si
343 2750 374 2809 in
393 2747 455 2810 hoc
471 2756 540 2810 tam
561 2749 699 2830 diligens
720 2749 816 2812 lucris
831 2771 931 2830 quam
952 2750 1036 2812 soles
1055 2753 1088 2812 in

158 2851 197 2911 iis
217 2850 320 2924 rebus,
342 2870 423 2931 quas
443 2869 496 2912 me
515 2849 611 2912 valde
628 2850 712 2913 velle
731 2851 904 2926 arbitraris,
924 2852 1089 2932 ipsiusque

160 2951 251 3013 Paeti
273 2950 333 3013 tibi
355 2952 492 3031 negocIa
514 2951 726 3035 commendo,
742 2953 782 3014 de
805 2952 921 3032 quibus
949 2952 1008 3014 tibi
1035 2950 1089 3013 ille

158 3053 228 3133 agit
250 3052 412 3114 maximas
434 3052 564 3131 gratias,
588 3059 629 3125 et,
652 3053 771 3114 utiam
791 3052 907 3113 invisas
931 3070 998 3124 nos,
1023 3070 1088 3112 non

158 3153 264 3216 solum
279 3173 367 3235 rogo,
382 3153 441 3216 sed
457 3154 556 3216 etiam
571 3153 701 3217 suadeo.
