<?xml version="1.0" encoding="UTF-8"?>
<!DOCTYPE html PUBLIC "-//W3C//DTD XHTML 1.0 Transitional//EN"
    "http://www.w3.org/TR/xhtml1/DTD/xhtml1-transitional.dtd">
<html xmlns="http://www.w3.org/1999/xhtml" xml:lang="en" lang="en">
 <head>
  <title>
</title>
<meta http-equiv="Content-Type" content="text/html;charset=utf-8" />
  <meta name='ocr-system' content='tesseract 3.04.00' />
  <meta name='ocr-capabilities' content='ocr_page ocr_carea ocr_par ocr_line ocrx_word'/>
</head>
<body>
  <div class='ocr_page' id='page_1' title='image "./lettersciceroto00pretgoog_0057.png"; bbox 0 0 2748 4144; ppageno 0'>
   <div class='ocr_carea' id='block_1_1' title="bbox 241 211 1008 281">
    <p class='ocr_par' dir='ltr' id='par_1_1' title="bbox 241 211 1008 281">
     <span class='ocr_line' id='line_1_1' title="bbox 241 211 1008 281; baseline 0.003 -15"><span class='ocrx_word' id='word_1_1' title='bbox 241 229 279 281; x_wconf 86' lang='lat'>24</span> <span class='ocrx_word' id='word_1_2' title='bbox 399 211 698 272; x_wconf 74' lang='lat' dir='ltr'><strong>EPISTOLARUM</strong></span> <span class='ocrx_word' id='word_1_3' title='bbox 725 212 783 268; x_wconf 91' lang='lat' dir='ltr'>AD</span> <span class='ocrx_word' id='word_1_4' title='bbox 811 211 1008 270; x_wconf 90' lang='lat' dir='ltr'>ATTICUM</span> 
     </span>
    </p>
   </div>
   <div class='ocr_carea' id='block_1_2' title="bbox 233 325 1172 3687">
    <p class='ocr_par' dir='ltr' id='par_1_2' title="bbox 238 325 1172 1557">
     <span class='ocr_line' id='line_1_2' title="bbox 239 325 1171 434; baseline 0.001 -20"><span class='ocrx_word' id='word_1_5' title='bbox 239 355 340 427; x_wconf 79' lang='lat' dir='ltr'>deret,</span> <span class='ocrx_word' id='word_1_6' title='bbox 364 353 484 416; x_wconf 89' lang='lat' dir='ltr'>fractus</span> <span class='ocrx_word' id='word_1_7' title='bbox 510 373 583 414; x_wconf 89' lang='lat' dir='ltr'>reus</span> <span class='ocrx_word' id='word_1_8' title='bbox 613 363 646 415; x_wconf 91' lang='lat' dir='ltr'>et</span> <span class='ocrx_word' id='word_1_9' title='bbox 676 325 740 414; x_wconf 79' lang='lat' dir='ltr'>urla</span> <span class='ocrx_word' id='word_1_10' title='bbox 769 353 898 434; x_wconf 91' lang='lat' dir='ltr'>patroni</span> <span class='ocrx_word' id='word_1_11' title='bbox 924 372 1037 415; x_wconf 88' lang='lat' dir='ltr'>omnes</span> <span class='ocrx_word' id='word_1_12' title='bbox 1066 353 1171 416; x_wconf 91' lang='lat' dir='ltr'>conci-</span> 
     </span>
     <span class='ocr_line' id='line_1_3' title="bbox 240 453 1171 534; baseline 0.001 -19"><span class='ocrx_word' id='word_1_13' title='bbox 240 455 370 516; x_wconf 76' lang='lat' dir='ltr'>derunt.</span> <span class='ocrx_word' id='word_1_14' title='bbox 409 455 450 515; x_wconf 89' lang='lat' dir='ltr'>ad</span> <span class='ocrx_word' id='word_1_15' title='bbox 467 473 520 515; x_wconf 90' lang='lat' dir='ltr'>me</span> <span class='ocrx_word' id='word_1_16' title='bbox 541 461 652 514; x_wconf 89' lang='lat' dir='ltr'>autem</span> <span class='ocrx_word' id='word_1_17' title='bbox 675 455 791 516; x_wconf 89' lang='lat' dir='ltr'>eadem</span> <span class='ocrx_word' id='word_1_18' title='bbox 812 453 993 534; x_wconf 84' lang='lat' dir='ltr'>frequentia</span> <span class='ocrx_word' id='word_1_19' title='bbox 1014 455 1171 534; x_wconf 85' lang='lat' dir='ltr'>postridie</span> 
     </span>
     <span class='ocr_line' id='line_1_4' title="bbox 240 540 1170 635; baseline 0.001 -19"><span class='ocrx_word' id='word_1_20' title='bbox 240 556 400 629; x_wconf 83' lang='lat' dir='ltr'>convenit,</span> <span class='ocrx_word' id='word_1_21' title='bbox 423 575 563 635; x_wconf 89' lang='lat' dir='ltr'>quacum</span> <span class='ocrx_word' id='word_1_22' title='bbox 590 555 703 616; x_wconf 90' lang='lat' dir='ltr'>abiens</span> <span class='ocrx_word' id='word_1_23' title='bbox 732 554 902 617; x_wconf 87' lang='lat' dir='ltr'>consulatu</span> <span class='ocrx_word' id='word_1_24' title='bbox 931 576 1004 617; x_wconf 92' lang='lat' dir='ltr'>sum</span> <span class='ocrx_word' id='word_1_25' title='bbox 1035 540 1170 617; x_wconf 86' lang='lat' dir='ltr'>domurn</span> 
     </span>
     <span class='ocr_line' id='line_1_5' title="bbox 240 643 1170 738; baseline 0.005 -23"><span class='ocrx_word' id='word_1_26' title='bbox 240 654 400 717; x_wconf 83' lang='lat' dir='ltr'>reductus</span> <span class='ocrx_word' id='word_1_27' title='bbox 444 643 585 717; x_wconf 86' lang='lat' dir='ltr'>clamare</span> <span class='ocrx_word' id='word_1_28' title='bbox 609 654 764 736; x_wconf 92' lang='lat' dir='ltr'>praeclari</span> <span class='ocrx_word' id='word_1_29' title='bbox 789 653 1013 738; x_wconf 83' lang='lat' dir='ltr'>Areopagitae</span> <span class='ocrx_word' id='word_1_30' title='bbox 1042 678 1078 720; x_wconf 88' lang='lat' dir='ltr'>se</span> <span class='ocrx_word' id='word_1_31' title='bbox 1104 678 1170 720; x_wconf 91' lang='lat' dir='ltr'>non</span> 
     </span>
     <span class='ocr_line' id='line_1_6' title="bbox 240 756 1170 838; baseline 0.005 -20"><span class='ocrx_word' id='word_1_32' title='bbox 240 777 310 818; x_wconf 91' lang='lat' dir='ltr'>esse</span> <span class='ocrx_word' id='word_1_33' title='bbox 323 766 475 819; x_wconf 89' lang='lat' dir='ltr'>venturos</span> <span class='ocrx_word' id='word_1_34' title='bbox 491 757 551 817; x_wconf 90' lang='lat' dir='ltr'>nisi</span> <span class='ocrx_word' id='word_1_35' title='bbox 567 758 729 838; x_wconf 89' lang='lat' dir='ltr'>praesidio</span> <span class='ocrx_word' id='word_1_36' title='bbox 744 756 930 819; x_wconf 83' lang='lat' dir='ltr'>constituto</span> <span class='ocrx_word' id='word_1_37' title='bbox 975 758 1112 822; x_wconf 88' lang='lat' dir='ltr'>refertur</span> <span class='ocrx_word' id='word_1_38' title='bbox 1127 761 1170 823; x_wconf 89' lang='lat' dir='ltr'>ad</span> 
     </span>
     <span class='ocr_line' id='line_1_7' title="bbox 239 856 1171 937; baseline 0.002 -19"><span class='ocrx_word' id='word_1_39' title='bbox 239 856 427 920; x_wconf 88' lang='lat' dir='ltr'>consilium:</span> <span class='ocrx_word' id='word_1_40' title='bbox 452 878 516 918; x_wconf 94' lang='lat' dir='ltr'>una</span> <span class='ocrx_word' id='word_1_41' title='bbox 536 857 606 919; x_wconf 92' lang='lat' dir='ltr'>sola</span> <span class='ocrx_word' id='word_1_42' title='bbox 621 857 784 918; x_wconf 92' lang='lat' dir='ltr'>sententia</span> <span class='ocrx_word' id='word_1_43' title='bbox 803 857 1000 937; x_wconf 86' lang='lat' dir='ltr'>praesidium</span> <span class='ocrx_word' id='word_1_44' title='bbox 1025 878 1091 919; x_wconf 93' lang='lat' dir='ltr'>non</span> <span class='ocrx_word' id='word_1_45' title='bbox 1114 859 1171 920; x_wconf 92' lang='lat' dir='ltr'>de-</span> 
     </span>
     <span class='ocr_line' id='line_1_8' title="bbox 239 956 1171 1039; baseline 0.004 -23"><span class='ocrx_word' id='word_1_46' title='bbox 239 956 399 1020; x_wconf 86' lang='lat' dir='ltr'>sideravit.</span> <span class='ocrx_word' id='word_1_47' title='bbox 443 957 587 1018; x_wconf 83' lang='lat' dir='ltr'>defertur</span> <span class='ocrx_word' id='word_1_48' title='bbox 616 977 666 1018; x_wconf 91' lang='lat' dir='ltr'>res</span> <span class='ocrx_word' id='word_1_49' title='bbox 698 957 740 1019; x_wconf 93' lang='lat' dir='ltr'>ad</span> <span class='ocrx_word' id='word_1_50' title='bbox 775 966 947 1019; x_wconf 90' lang='lat' dir='ltr'>senatum:</span> <span class='ocrx_word' id='word_1_51' title='bbox 981 959 1171 1039; x_wconf 84' lang='lat' dir='ltr'>gravissime</span> 
     </span>
     <span class='ocr_line' id='line_1_9' title="bbox 238 1057 1172 1138; baseline 0.003 -20"><span class='ocrx_word' id='word_1_52' title='bbox 238 1059 506 1138; x_wconf 88' lang='lat' dir='ltr'>ornatissimeque</span> <span class='ocrx_word' id='word_1_53' title='bbox 519 1058 719 1119; x_wconf 89' lang='lat' dir='ltr'>decernitur:</span> <span class='ocrx_word' id='word_1_54' title='bbox 734 1057 908 1120; x_wconf 89' lang='lat' dir='ltr'>laudantur</span> <span class='ocrx_word' id='word_1_55' title='bbox 919 1058 1059 1122; x_wconf 91' lang='lat' dir='ltr'>iudices:</span> <span class='ocrx_word' id='word_1_56' title='bbox 1075 1060 1172 1121; x_wconf 88' lang='lat' dir='ltr'>datur</span> 
     </span>
     <span class='ocr_line' id='line_1_10' title="bbox 239 1158 1170 1241; baseline 0 -21"><span class='ocrx_word' id='word_1_57' title='bbox 239 1160 410 1241; x_wconf 85' lang='lat' dir='ltr'>negocium</span> <span class='ocrx_word' id='word_1_58' title='bbox 446 1159 706 1239; x_wconf 86' lang='lat' dir='ltr'>magistratibus:</span> <span class='ocrx_word' id='word_1_59' title='bbox 744 1179 973 1239; x_wconf 87' lang='lat' dir='ltr'>responsurum</span> <span class='ocrx_word' id='word_1_60' title='bbox 1002 1158 1170 1221; x_wconf 91' lang='lat' dir='ltr'>hominem</span> 
     </span>
     <span class='ocr_line' id='line_1_11' title="bbox 239 1263 577 1326; baseline 0.003 -1"><span class='ocrx_word' id='word_1_61' title='bbox 239 1284 336 1326; x_wconf 91' lang='lat' dir='ltr'>nemo</span> <span class='ocrx_word' id='word_1_62' title='bbox 352 1263 577 1326; x_wconf 89' lang='lat' dir='ltr'>arbitrabatur.</span> 
     </span>
     <span class='ocr_line' id='line_1_12' title="bbox 404 1365 913 1447; baseline 0.006 -20"><span class='ocrx_word' id='word_1_63' title='bbox 404 1365 545 1430; x_wconf 83' lang='grc' dir='ltr'>’Έσπετε</span> <span class='ocrx_word' id='word_1_64' title='bbox 567 1369 619 1430; x_wconf 78' lang='grc' dir='ltr'>νῦν</span> <span class='ocrx_word' id='word_1_65' title='bbox 640 1391 703 1447; x_wconf 80' lang='grc' dir='ltr'><strong><em>μοι,</em></strong></span> <span class='ocrx_word' id='word_1_66' title='bbox 727 1367 913 1445; x_wconf 83' lang='grc' dir='ltr'><strong><em>Μοῦσαι,-</em></strong></span> 
     </span>
     <span class='ocr_line' id='line_1_13' title="bbox 407 1468 959 1557; baseline 0.007 -25"><span class='ocrx_word' id='word_1_67' title='bbox 407 1468 518 1538; x_wconf 57' lang='lat' dir='ltr'>turm</span> <span class='ocrx_word' id='word_1_68' title='bbox 540 1468 723 1550; x_wconf 71' lang='grc' dir='ltr'>δήπρῶτον</span> <span class='ocrx_word' id='word_1_69' title='bbox 744 1474 808 1557; x_wconf 81' lang='grc' dir='ltr'>πῦρ</span> <span class='ocrx_word' id='word_1_70' title='bbox 834 1472 959 1552; x_wconf 77' lang='grc' dir='ltr'>ἔμπεσε.</span> 
     </span>
    </p>

    <p class='ocr_par' dir='ltr' id='par_1_3' title="bbox 233 1571 1170 3687">
     <span class='ocr_line' id='line_1_14' title="bbox 238 1571 1168 1650; baseline 0.002 -16"><span class='ocrx_word' id='word_1_71' title='bbox 238 1573 323 1634; x_wconf 93' lang='lat' dir='ltr'>nosti</span> <span class='ocrx_word' id='word_1_72' title='bbox 350 1571 497 1647; x_wconf 86' lang='lat' dir='ltr'>Calvum,</span> <span class='ocrx_word' id='word_1_73' title='bbox 524 1594 567 1634; x_wconf 89' lang='lat' dir='ltr'>ex</span> <span class='ocrx_word' id='word_1_74' title='bbox 591 1573 793 1636; x_wconf 89' lang='lat' dir='ltr'>Nanneianis</span> <span class='ocrx_word' id='word_1_75' title='bbox 818 1574 918 1650; x_wconf 89' lang='lat' dir='ltr'>illum,</span> <span class='ocrx_word' id='word_1_76' title='bbox 943 1573 1033 1636; x_wconf 91' lang='lat' dir='ltr'>illum</span> <span class='ocrx_word' id='word_1_77' title='bbox 1058 1573 1168 1636; x_wconf 91' lang='lat' dir='ltr'>lauda-</span> 
     </span>
     <span class='ocr_line' id='line_1_15' title="bbox 238 1675 1169 1757; baseline 0.002 -20"><span class='ocrx_word' id='word_1_78' title='bbox 238 1686 342 1737; x_wconf 90' lang='lat' dir='ltr'>torem</span> <span class='ocrx_word' id='word_1_79' title='bbox 358 1694 478 1750; x_wconf 88' lang='lat' dir='ltr'>meum‚</span> <span class='ocrx_word' id='word_1_80' title='bbox 495 1676 536 1736; x_wconf 93' lang='lat' dir='ltr'>de</span> <span class='ocrx_word' id='word_1_81' title='bbox 551 1675 641 1737; x_wconf 87' lang='lat' dir='ltr'>cuius</span> <span class='ocrx_word' id='word_1_82' title='bbox 661 1677 809 1738; x_wconf 88' lang='lat' dir='ltr'>oratione</span> <span class='ocrx_word' id='word_1_83' title='bbox 831 1695 909 1757; x_wconf 83' lang='lat' dir='ltr'>erga</span> <span class='ocrx_word' id='word_1_84' title='bbox 925 1696 978 1738; x_wconf 93' lang='lat' dir='ltr'>me</span> <span class='ocrx_word' id='word_1_85' title='bbox 993 1675 1169 1739; x_wconf 87' lang='lat' dir='ltr'>honorifica</span> 
     </span>
     <span class='ocr_line' id='line_1_16' title="bbox 237 1763 1167 1858; baseline 0.006 -23"><span class='ocrx_word' id='word_1_86' title='bbox 237 1774 279 1836; x_wconf 94' lang='lat' dir='ltr'>ad</span> <span class='ocrx_word' id='word_1_87' title='bbox 295 1782 329 1836; x_wconf 93' lang='lat' dir='ltr'>te</span> <span class='ocrx_word' id='word_1_88' title='bbox 343 1775 543 1856; x_wconf 90' lang='lat' dir='ltr'>scripseram.</span> <span class='ocrx_word' id='word_1_89' title='bbox 588 1777 689 1839; x_wconf 86' lang='lat' dir='ltr'>biduo</span> <span class='ocrx_word' id='word_1_90' title='bbox 705 1797 763 1858; x_wconf 90' lang='lat' dir='ltr'>per</span> <span class='ocrx_word' id='word_1_91' title='bbox 779 1796 880 1838; x_wconf 90' lang='lat' dir='ltr'>unum</span> <span class='ocrx_word' id='word_1_92' title='bbox 901 1797 1028 1839; x_wconf 90' lang='lat' dir='ltr'>servum</span> <span class='ocrx_word' id='word_1_93' title='bbox 1046 1763 1078 1840; x_wconf 96' lang='lat' dir='ltr'>et</span> <span class='ocrx_word' id='word_1_94' title='bbox 1094 1800 1167 1841; x_wconf 91' lang='lat' dir='ltr'>eum</span> 
     </span>
     <span class='ocr_line' id='line_1_17' title="bbox 237 1876 1168 1963; baseline 0.008 -27"><span class='ocrx_word' id='word_1_95' title='bbox 237 1897 281 1936; x_wconf 87' lang='lat' dir='ltr'>ex</span> <span class='ocrx_word' id='word_1_96' title='bbox 315 1876 511 1957; x_wconf 85' lang='lat' dir='ltr'>gladiatorio</span> <span class='ocrx_word' id='word_1_97' title='bbox 549 1877 626 1963; x_wconf 92' lang='lat' dir='ltr'>ludo</span> <span class='ocrx_word' id='word_1_98' title='bbox 663 1879 803 1946; x_wconf 86' lang='lat' dir='ltr'>confecit</span> <span class='ocrx_word' id='word_1_99' title='bbox 837 1887 945 1940; x_wconf 87' lang='lat' dir='ltr'>toturn</span> <span class='ocrx_word' id='word_1_100' title='bbox 978 1881 1168 1961; x_wconf 85' lang='lat' dir='ltr'>negocium:</span> 
     </span>
     <span class='ocr_line' id='line_1_18' title="bbox 236 1975 1167 2058; baseline 0.005 -21"><span class='ocrx_word' id='word_1_101' title='bbox 236 1975 402 2038; x_wconf 89' lang='lat' dir='ltr'>arcessivit</span> <span class='ocrx_word' id='word_1_102' title='bbox 425 1977 467 2038; x_wconf 93' lang='lat' dir='ltr'>ad</span> <span class='ocrx_word' id='word_1_103' title='bbox 491 1997 536 2054; x_wconf 90' lang='lat' dir='ltr'>se,</span> <span class='ocrx_word' id='word_1_104' title='bbox 563 1979 720 2058; x_wconf 87' lang='lat' dir='ltr'>promisit,</span> <span class='ocrx_word' id='word_1_105' title='bbox 748 1979 936 2053; x_wconf 87' lang='lat' dir='ltr'>intercessit,</span> <span class='ocrx_word' id='word_1_106' title='bbox 960 1979 1058 2042; x_wconf 90' lang='lat' dir='ltr'>dedit.</span> <span class='ocrx_word' id='word_1_107' title='bbox 1103 1980 1167 2042; x_wconf 90' lang='lat' dir='ltr'>iam</span> 
     </span>
     <span class='ocr_line' id='line_1_19' title="bbox 237 2077 1168 2161; baseline 0.009 -25"><span class='ocrx_word' id='word_1_108' title='bbox 237 2096 376 2138; x_wconf 90' lang='lat' dir='ltr'>vero-o</span> <span class='ocrx_word' id='word_1_109' title='bbox 391 2077 425 2139; x_wconf 94' lang='lat' dir='ltr'>di</span> <span class='ocrx_word' id='word_1_110' title='bbox 440 2078 526 2154; x_wconf 87' lang='lat' dir='ltr'>boni,</span> <span class='ocrx_word' id='word_1_111' title='bbox 542 2100 611 2141; x_wconf 91' lang='lat' dir='ltr'>rem</span> <span class='ocrx_word' id='word_1_112' title='bbox 634 2080 795 2161; x_wconf 89' lang='lat' dir='ltr'>perditam</span> <span class='ocrx_word' id='word_1_113' title='bbox 809 2081 958 2142; x_wconf 89' lang='lat' dir='ltr'>!-etiam</span> <span class='ocrx_word' id='word_1_114' title='bbox 975 2091 1086 2144; x_wconf 89' lang='lat' dir='ltr'>noctes</span> <span class='ocrx_word' id='word_1_115' title='bbox 1102 2103 1168 2146; x_wconf 89' lang='lat' dir='ltr'>cer-</span> 
     </span>
     <span class='ocr_line' id='line_1_20' title="bbox 236 2178 1167 2260; baseline 0.006 -22"><span class='ocrx_word' id='word_1_116' title='bbox 236 2191 343 2239; x_wconf 88' lang='lat' dir='ltr'>tarum</span> <span class='ocrx_word' id='word_1_117' title='bbox 364 2178 536 2240; x_wconf 89' lang='lat' dir='ltr'>mulierum</span> <span class='ocrx_word' id='word_1_118' title='bbox 554 2189 653 2260; x_wconf 89' lang='lat' dir='ltr'>atque</span> <span class='ocrx_word' id='word_1_119' title='bbox 674 2179 990 2243; x_wconf 90' lang='lat' dir='ltr'>adolescentulorum</span> <span class='ocrx_word' id='word_1_120' title='bbox 1011 2181 1167 2244; x_wconf 90' lang='lat' dir='ltr'>nobilium</span> 
     </span>
     <span class='ocr_line' id='line_1_21' title="bbox 236 2280 1168 2363; baseline 0.008 -23"><span class='ocrx_word' id='word_1_121' title='bbox 236 2280 490 2344; x_wconf 89' lang='lat' dir='ltr'>introductiones</span> <span class='ocrx_word' id='word_1_122' title='bbox 520 2301 586 2343; x_wconf 93' lang='lat' dir='ltr'>non</span> <span class='ocrx_word' id='word_1_123' title='bbox 616 2282 712 2344; x_wconf 92' lang='lat' dir='ltr'>nullis</span> <span class='ocrx_word' id='word_1_124' title='bbox 737 2282 898 2345; x_wconf 90' lang='lat' dir='ltr'>iudicibus</span> <span class='ocrx_word' id='word_1_125' title='bbox 922 2303 981 2363; x_wconf 93' lang='lat' dir='ltr'>pro</span> <span class='ocrx_word' id='word_1_126' title='bbox 1012 2284 1168 2348; x_wconf 87' lang='lat' dir='ltr'>mercedis</span> 
     </span>
     <span class='ocr_line' id='line_1_22' title="bbox 236 2382 1166 2461; baseline 0.004 -17"><span class='ocrx_word' id='word_1_127' title='bbox 236 2382 367 2445; x_wconf 91' lang='lat' dir='ltr'>cumulo</span> <span class='ocrx_word' id='word_1_128' title='bbox 397 2382 534 2445; x_wconf 84' lang='lat' dir='ltr'>fuerunt.</span> <span class='ocrx_word' id='word_1_129' title='bbox 587 2384 640 2458; x_wconf 88' lang='lat' dir='ltr'>ita,</span> <span class='ocrx_word' id='word_1_130' title='bbox 669 2404 798 2456; x_wconf 84' lang='lat' dir='ltr'>summo</span> <span class='ocrx_word' id='word_1_131' title='bbox 825 2384 967 2448; x_wconf 92' lang='lat' dir='ltr'>discessu</span> <span class='ocrx_word' id='word_1_132' title='bbox 997 2384 1166 2461; x_wconf 88' lang='lat' dir='ltr'>bonorum,</span> 
     </span>
     <span class='ocr_line' id='line_1_23' title="bbox 236 2486 1167 2566; baseline 0.004 -20"><span class='ocrx_word' id='word_1_133' title='bbox 236 2486 334 2566; x_wconf 90' lang='lat' dir='ltr'>pleno</span> <span class='ocrx_word' id='word_1_134' title='bbox 349 2487 419 2550; x_wconf 85' lang='lat' dir='ltr'>foro</span> <span class='ocrx_word' id='word_1_135' title='bbox 439 2507 614 2562; x_wconf 89' lang='lat' dir='ltr'>servorum,</span> <span class='ocrx_word' id='word_1_136' title='bbox 630 2501 707 2548; x_wconf 85' lang='lat' dir='ltr'>xxv</span> <span class='ocrx_word' id='word_1_137' title='bbox 721 2487 844 2549; x_wconf 89' lang='lat' dir='ltr'>iudices</span> <span class='ocrx_word' id='word_1_138' title='bbox 864 2488 910 2549; x_wconf 91' lang='lat' dir='ltr'>ita</span> <span class='ocrx_word' id='word_1_139' title='bbox 935 2487 1033 2550; x_wconf 90' lang='lat' dir='ltr'>fortes</span> <span class='ocrx_word' id='word_1_140' title='bbox 1055 2497 1167 2551; x_wconf 87' lang='lat' dir='ltr'>tamen</span> 
     </span>
     <span class='ocr_line' id='line_1_24' title="bbox 236 2587 1166 2669; baseline 0.002 -20"><span class='ocrx_word' id='word_1_141' title='bbox 236 2588 372 2661; x_wconf 89' lang='lat' dir='ltr'>fuerunt,</span> <span class='ocrx_word' id='word_1_142' title='bbox 396 2597 441 2660; x_wconf 91' lang='lat' dir='ltr'>ut,</span> <span class='ocrx_word' id='word_1_143' title='bbox 464 2609 593 2650; x_wconf 89' lang='lat' dir='ltr'>summo</span> <span class='ocrx_word' id='word_1_144' title='bbox 616 2589 785 2669; x_wconf 92' lang='lat' dir='ltr'>proposito</span> <span class='ocrx_word' id='word_1_145' title='bbox 807 2588 960 2668; x_wconf 79' lang='lat' dir='ltr'>periculO,</span> <span class='ocrx_word' id='word_1_146' title='bbox 981 2587 1033 2651; x_wconf 92' lang='lat' dir='ltr'>vel</span> <span class='ocrx_word' id='word_1_147' title='bbox 1063 2590 1166 2668; x_wconf 90' lang='lat' dir='ltr'>perire</span> 
     </span>
     <span class='ocr_line' id='line_1_25' title="bbox 236 2687 1166 2771; baseline 0.003 -21"><span class='ocrx_word' id='word_1_148' title='bbox 236 2687 408 2752; x_wconf 86' lang='lat' dir='ltr'>maluerint</span> <span class='ocrx_word' id='word_1_149' title='bbox 423 2710 522 2770; x_wconf 92' lang='lat' dir='ltr'>quam</span> <span class='ocrx_word' id='word_1_150' title='bbox 537 2690 673 2770; x_wconf 89' lang='lat' dir='ltr'>perdere</span> <span class='ocrx_word' id='word_1_151' title='bbox 688 2690 817 2751; x_wconf 92' lang='lat' dir='ltr'>omnia:</span> <span class='ocrx_word' id='word_1_152' title='bbox 833 2702 928 2751; x_wconf 82' lang='lat' dir='ltr'>XXXI</span> <span class='ocrx_word' id='word_1_153' title='bbox 944 2689 1072 2752; x_wconf 88' lang='lat' dir='ltr'>fuerunt</span> <span class='ocrx_word' id='word_1_154' title='bbox 1084 2710 1166 2771; x_wconf 91' lang='lat' dir='ltr'>quos</span> 
     </span>
     <span class='ocr_line' id='line_1_26' title="bbox 235 2790 1170 2881; baseline 0.002 -30"><span class='ocrx_word' id='word_1_155' title='bbox 235 2790 339 2852; x_wconf 88' lang='lat' dir='ltr'>fames</span> <span class='ocrx_word' id='word_1_156' title='bbox 368 2790 474 2872; x_wconf 85' lang='lat' dir='ltr'>magis</span> <span class='ocrx_word' id='word_1_157' title='bbox 503 2812 602 2873; x_wconf 89' lang='lat' dir='ltr'>quam</span> <span class='ocrx_word' id='word_1_158' title='bbox 634 2791 723 2852; x_wconf 86' lang='lat' dir='ltr'>fama</span> <span class='ocrx_word' id='word_1_159' title='bbox 758 2791 978 2853; x_wconf 89' lang='lat' dir='ltr'>commoverit.</span> <span class='ocrx_word' id='word_1_160' title='bbox 1027 2811 1170 2881; x_wconf 87' lang='lat' dir='ltr'>quorum</span> 
     </span>
     <span class='ocr_line' id='line_1_27' title="bbox 236 2890 1165 2973; baseline -0.003 -18"><span class='ocrx_word' id='word_1_161' title='bbox 236 2890 371 2955; x_wconf 92' lang='lat' dir='ltr'>Catulus</span> <span class='ocrx_word' id='word_1_162' title='bbox 387 2912 488 2973; x_wconf 89' lang='lat' dir='ltr'>quum</span> <span class='ocrx_word' id='word_1_163' title='bbox 503 2891 638 2954; x_wconf 91' lang='lat' dir='ltr'>vidisset</span> <span class='ocrx_word' id='word_1_164' title='bbox 653 2891 852 2972; x_wconf 89' lang='lat' dir='ltr'>quemdam:</span> <span class='ocrx_word' id='word_1_165' title='bbox 875 2891 953 2972; x_wconf 90' lang='lat' dir='ltr'>quid</span> <span class='ocrx_word' id='word_1_166' title='bbox 969 2911 1035 2965; x_wconf 74' lang='lat' dir='ltr'>vm,</span> <span class='ocrx_word' id='word_1_167' title='bbox 1053 2891 1165 2971; x_wconf 89' lang='lat' dir='ltr'>inquit,</span> 
     </span>
     <span class='ocr_line' id='line_1_28' title="bbox 234 2992 1167 3079; baseline 0.001 -26"><span class='ocrx_word' id='word_1_168' title='bbox 234 2992 433 3074; x_wconf 90' lang='lat' dir='ltr'>praesidium</span> <span class='ocrx_word' id='word_1_169' title='bbox 448 3014 468 3056; x_wconf 93' lang='lat' dir='ltr'>a</span> <span class='ocrx_word' id='word_1_170' title='bbox 483 2993 577 3056; x_wconf 90' lang='lat' dir='ltr'>nobis</span> <span class='ocrx_word' id='word_1_171' title='bbox 592 2992 833 3075; x_wconf 84' lang='lat' dir='ltr'>postulabatis?</span> <span class='ocrx_word' id='word_1_172' title='bbox 854 3012 897 3055; x_wconf 92' lang='lat' dir='ltr'>an</span> <span class='ocrx_word' id='word_1_173' title='bbox 912 3011 954 3079; x_wconf 79' lang='lat' dir='ltr'>ne</span> <span class='ocrx_word' id='word_1_174' title='bbox 967 2994 1059 3057; x_wconf 92' lang='lat' dir='ltr'>numi</span> <span class='ocrx_word' id='word_1_175' title='bbox 1073 2993 1167 3055; x_wconf 90' lang='lat' dir='ltr'>vobis</span> 
     </span>
     <span class='ocr_line' id='line_1_29' title="bbox 234 3093 1165 3176; baseline -0.002 -19"><span class='ocrx_word' id='word_1_176' title='bbox 234 3095 433 3176; x_wconf 86' lang='lat' dir='ltr'>eriperentur</span> <span class='ocrx_word' id='word_1_177' title='bbox 443 3093 627 3157; x_wconf 86' lang='lat' dir='ltr'>timebatis?</span> <span class='ocrx_word' id='word_1_178' title='bbox 649 3093 677 3154; x_wconf 89' lang='lat'>6.</span> <span class='ocrx_word' id='word_1_179' title='bbox 693 3093 806 3170; x_wconf 87' lang='lat' dir='ltr'>habes,</span> <span class='ocrx_word' id='word_1_180' title='bbox 818 3104 854 3155; x_wconf 93' lang='lat' dir='ltr'>ut</span> <span class='ocrx_word' id='word_1_181' title='bbox 866 3093 1055 3155; x_wconf 87' lang='lat' dir='ltr'>brevissime</span> <span class='ocrx_word' id='word_1_182' title='bbox 1065 3095 1165 3174; x_wconf 89' lang='lat' dir='ltr'>potui,</span> 
     </span>
     <span class='ocr_line' id='line_1_30' title="bbox 233 3196 1166 3280; baseline -0.001 -19"><span class='ocrx_word' id='word_1_183' title='bbox 233 3217 337 3280; x_wconf 86' lang='lat' dir='ltr'>genus</span> <span class='ocrx_word' id='word_1_184' title='bbox 352 3198 461 3260; x_wconf 90' lang='lat' dir='ltr'>iudicii</span> <span class='ocrx_word' id='word_1_185' title='bbox 476 3206 509 3259; x_wconf 88' lang='lat' dir='ltr'>et</span> <span class='ocrx_word' id='word_1_186' title='bbox 524 3216 656 3259; x_wconf 89' lang='lat' dir='ltr'>causam</span> <span class='ocrx_word' id='word_1_187' title='bbox 672 3196 895 3259; x_wconf 89' lang='lat' dir='ltr'>absolutionis.</span> <span class='ocrx_word' id='word_1_188' title='bbox 933 3198 1061 3277; x_wconf 89' lang='lat' dir='ltr'>quaeris</span> <span class='ocrx_word' id='word_1_189' title='bbox 1076 3198 1166 3260; x_wconf 90' lang='lat' dir='ltr'>dein-</span> 
     </span>
     <span class='ocr_line' id='line_1_31' title="bbox 234 3298 1167 3383; baseline -0.002 -19"><span class='ocrx_word' id='word_1_190' title='bbox 234 3321 310 3383; x_wconf 87' lang='lat' dir='ltr'>ceps</span> <span class='ocrx_word' id='word_1_191' title='bbox 325 3300 381 3382; x_wconf 91' lang='lat' dir='ltr'>qui</span> <span class='ocrx_word' id='word_1_192' title='bbox 396 3318 482 3361; x_wconf 91' lang='lat' dir='ltr'>nunc</span> <span class='ocrx_word' id='word_1_193' title='bbox 496 3298 538 3360; x_wconf 93' lang='lat' dir='ltr'>sit</span> <span class='ocrx_word' id='word_1_194' title='bbox 553 3307 657 3361; x_wconf 84' lang='lat' dir='ltr'>status</span> <span class='ocrx_word' id='word_1_195' title='bbox 668 3318 774 3360; x_wconf 87' lang='lat' dir='ltr'>rerum</span> <span class='ocrx_word' id='word_1_196' title='bbox 785 3307 818 3361; x_wconf 92' lang='lat' dir='ltr'>et</span> <span class='ocrx_word' id='word_1_197' title='bbox 828 3300 883 3379; x_wconf 92' lang='lat' dir='ltr'>qui</span> <span class='ocrx_word' id='word_1_198' title='bbox 895 3319 995 3360; x_wconf 82' lang='lat' dir='ltr'>meus</span> <span class='ocrx_word' id='word_1_199' title='bbox 1023 3300 1068 3361; x_wconf 89' lang='lat' dir='ltr'>rei</span> <span class='ocrx_word' id='word_1_200' title='bbox 1084 3301 1167 3379; x_wconf 93' lang='lat' dir='ltr'>pub-</span> 
     </span>
     <span class='ocr_line' id='line_1_32' title="bbox 233 3399 1166 3511; baseline 0 -47"><span class='ocrx_word' id='word_1_201' title='bbox 233 3404 315 3467; x_wconf 91' lang='lat' dir='ltr'>licae</span> <span class='ocrx_word' id='word_1_202' title='bbox 325 3411 448 3465; x_wconf 85' lang='lat' dir='ltr'>statum</span> <span class='ocrx_word' id='word_1_203' title='bbox 463 3399 564 3477; x_wconf 86' lang='lat' dir='ltr'>illurn,</span> <span class='ocrx_word' id='word_1_204' title='bbox 573 3409 723 3511; x_wconf 28' lang='lat' dir='ltr'>quemfftssu</span> <span class='ocrx_word' id='word_1_205' title='bbox 735 3420 808 3462; x_wconf 90' lang='lat' dir='ltr'>meo</span> <span class='ocrx_word' id='word_1_206' title='bbox 824 3399 967 3476; x_wconf 92' lang='lat' dir='ltr'>consilio,</span> <span class='ocrx_word' id='word_1_207' title='bbox 979 3420 1041 3480; x_wconf 87' lang='lat' dir='ltr'>ego</span> <span class='ocrx_word' id='word_1_208' title='bbox 1056 3402 1166 3464; x_wconf 92' lang='lat' dir='ltr'>divino</span> 
     </span>
     <span class='ocr_line' id='line_1_33' title="bbox 233 3502 1166 3585; baseline -0.006 -14"><span class='ocrx_word' id='word_1_209' title='bbox 233 3504 458 3571; x_wconf 86' lang='lat' dir='ltr'>confirmatum</span> <span class='ocrx_word' id='word_1_210' title='bbox 478 3502 645 3585; x_wconf 90' lang='lat' dir='ltr'>putabam,</span> <span class='ocrx_word' id='word_1_211' title='bbox 664 3504 720 3584; x_wconf 91' lang='lat' dir='ltr'>qui</span> <span class='ocrx_word' id='word_1_212' title='bbox 744 3504 905 3567; x_wconf 90' lang='lat' dir='ltr'>bonorum</span> <span class='ocrx_word' id='word_1_213' title='bbox 927 3503 1074 3566; x_wconf 89' lang='lat' dir='ltr'>omnium</span> <span class='ocrx_word' id='word_1_214' title='bbox 1091 3523 1166 3566; x_wconf 88' lang='lat' dir='ltr'>con·</span> 
     </span>
     <span class='ocr_line' id='line_1_34' title="bbox 233 3603 1165 3687; baseline -0.004 -17"><span class='ocrx_word' id='word_1_215' title='bbox 233 3608 396 3673; x_wconf 89' lang='lat' dir='ltr'>iunctione</span> <span class='ocrx_word' id='word_1_216' title='bbox 406 3614 439 3670; x_wconf 91' lang='lat' dir='ltr'>et</span> <span class='ocrx_word' id='word_1_217' title='bbox 454 3604 648 3682; x_wconf 82' lang='lat' dir='ltr'>auctoritate</span> <span class='ocrx_word' id='word_1_218' title='bbox 663 3603 851 3687; x_wconf 85' lang='lat' dir='ltr'>consulatus</span> <span class='ocrx_word' id='word_1_219' title='bbox 866 3605 930 3666; x_wconf 90' lang='lat' dir='ltr'>mei</span> <span class='ocrx_word' id='word_1_220' title='bbox 946 3604 1032 3666; x_wconf 87' lang='lat' dir='ltr'>fixus</span> <span class='ocrx_word' id='word_1_221' title='bbox 1048 3613 1081 3666; x_wconf 91' lang='lat' dir='ltr'>et</span> <span class='ocrx_word' id='word_1_222' title='bbox 1095 3604 1165 3666; x_wconf 87' lang='lat' dir='ltr'>fun·</span> 
     </span>
    </p>
   </div>
   <div class='ocr_carea' id='block_1_3' title="bbox 0 0 1378 4144">
    <p class='ocr_par' dir='ltr' id='par_1_4' title="bbox 0 0 1378 4144">
     <span class='ocr_line' id='line_1_35' title="bbox 0 0 1378 4144; baseline 0 2"><span class='ocrx_word' id='word_1_223' title='bbox 0 0 1378 4144; x_wconf 95' lang='lat' dir='ltr'> </span> 
     </span>
    </p>
   </div>
  </div>
 </body>
</html>
