2748 4144
251 258 270 311 4
418 240 719 302 EPISTOLARUM
746 241 805 300 AD
832 243 1030 304 ATTICUM

253 389 311 452 diu
326 387 406 452 nihil
421 388 627 452 litterarum?
656 409 719 471 ego
735 389 777 453 de
792 390 874 453 meis
898 391 941 453 ad
960 399 995 454 te
1014 389 1193 453 rationibus

253 490 366 573 scripsi
395 499 494 553 antea
517 491 697 572 diligenter.
742 491 805 554 hoc
833 502 983 574 tempore
1007 490 1192 567 Catilinam,

252 593 503 675 competitorem
526 602 683 669 nostrum,
705 593 880 657 defendere
902 594 1093 675 cogitamus.
1145 593 1192 655 iu·

253 696 342 759 dices
362 695 530 769 habemus
557 715 641 777 quos
662 695 823 770 volumus,
845 714 975 758 summa
997 696 1193 759 accusatoris

253 797 433 862 voluntate.
476 817 584 879 spero,
605 797 632 859 si
652 796 823 860 absolutus
844 798 912 872 erit,
936 797 1192 860 coniunctiorem

253 901 345 963 illurn
376 900 470 963 nobis
500 901 569 963 fore
595 899 628 961 in
654 900 780 962 ratione
809 899 995 982 petitionis:
1023 899 1073 961 sin
1098 897 1194 963 aliter

252 1001 415 1077 acciderit,
430 1001 618 1064 humaniter
631 1001 780 1064 feremus.
814 1018 842 1065 2.
865 1010 925 1065 tuo
940 1001 1083 1065 adventu
1098 1001 1193 1064 nobis

251 1122 335 1185 opus
350 1110 401 1166 est
416 1112 563 1165 maturo:
578 1121 655 1164 nam
671 1122 802 1184 prorsus
817 1121 947 1165 summa
960 1100 1131 1164 hominum
1143 1110 1194 1164 est

250 1205 363 1288 opinio
378 1213 453 1267 tuos
468 1203 651 1278 familiares,
670 1205 797 1267 nobiles
811 1204 970 1280 homines,
990 1204 1193 1268 adversarios

252 1316 365 1370 nostro
394 1306 509 1368 honori
540 1305 616 1368 lore.
660 1305 704 1368 ad
734 1326 848 1369 eorum
876 1305 1081 1369 voluntatem
1112 1303 1191 1366 mihi

251 1406 491 1472 conciliandam
506 1407 656 1470 maximo
671 1416 705 1470 te
720 1407 800 1470 mihi
816 1409 888 1471 usui
903 1407 971 1471 sore
985 1407 1088 1470 video
1126 1426 1192 1487 qua

252 1530 286 1574 re
303 1509 455 1574 Ianuario
476 1509 617 1585 ineunte,
633 1517 670 1572 ut
689 1509 896 1585 constituisti,
911 1529 989 1573 cura
1006 1517 1043 1572 ut
1064 1508 1193 1570 Romae

250 1634 303 1677 sis.

688 1762 752 1827 III.

387 1915 531 1999 (Romae.
577 1912 676 1992 Cotta,
698 1915 858 1997 Torquato
878 1936 951 1980 coss.
967 1913 1053 1997 689.)

542 2064 683 2128 Cicano
705 2063 851 2130 Armco
874 2064 907 2129 S.

319 2233 344 2278 1.
375 2215 498 2279 Aviam
528 2224 622 2279 tuam
651 2216 735 2280 scito
765 2215 928 2279 desiderio
950 2216 998 2279 tui
1029 2224 1193 2279 mortuam

251 2339 322 2383 esse
332 2327 365 2383 et
374 2318 472 2382 simul
483 2318 572 2400 quod
581 2317 685 2381 verita
699 2317 742 2381 sit
757 2338 799 2381 ne
809 2318 949 2383 Latinae
964 2320 997 2382 in
1009 2319 1116 2383 officio
1127 2337 1193 2380 non

252 2430 423 2486 manerent
443 2431 477 2484 et
499 2422 532 2483 in
553 2429 701 2483 montem
722 2420 893 2484 Albanum
912 2421 1037 2485 hostias
1055 2439 1121 2483 non
1136 2419 1193 2482 ad·

252 2506 509 2587 ducerent'eius
525 2521 570 2584 rei
585 2521 846 2584 consolationem
860 2522 904 2584 ad
919 2531 954 2586 te
970 2522 1006 2585 L.
1024 2519 1192 2586 Saufeium

253 2625 427 2689 missurum
442 2642 514 2686 esse
527 2621 674 2686 arbitror.
719 2639 747 2686 2.
779 2643 840 2687 uos
859 2622 913 2687 hic
932 2634 967 2689 te
986 2623 1029 2687 ad
1045 2642 1192 2687 mensem

253 2726 442 2790 Ianuarium
458 2734 709 2805 exspectamus:
727 2744 771 2788 ex
786 2726 932 2807 quodam
947 2746 1076 2789 rumore
1090 2744 1132 2788 an
1148 2745 1192 2788 ex

252 2828 368 2893 litteris
383 2828 448 2891 tuis
463 2827 507 2889 ad
527 2826 609 2889 alios
625 2825 756 2890 missis?
779 2847 857 2891 nam
872 2828 915 2891 ad
931 2848 985 2891 me
999 2828 1042 2893 de
1056 2848 1097 2892 eo
1112 2828 1192 2890 nihil

252 2930 416 3013 scripsisti.
460 2930 563 3011 signa,
593 2947 678 3009 quae
702 2927 796 2993 nobis
820 2929 949 3003 curasti,
979 2949 1018 2992 ea
1047 2929 1192 2993 suntad

253 3035 403 3100 Caietam
434 3031 598 3114 exposita.
643 3051 704 3094 nos
734 3051 773 3094 ea
803 3051 869 3094 nou
898 3031 1057 3096 vidimus:
1086 3053 1193 3114 neque

252 3139 340 3201 enim
356 3136 499 3201 exeundi
517 3135 627 3198 Roma
647 3142 796 3215 potestas
816 3133 911 3196 nobis
931 3131 999 3197 luit
1045 3134 1192 3197 misimus

252 3238 308 3321 qui
323 3258 382 3321 pro
397 3247 530 3301 vectura
545 3233 694 3298 solveret
723 3244 757 3298 te
773 3233 914 3299 multum
929 3254 1088 3311 amamus,
1102 3238 1193 3318 quod

252 3361 291 3405 ea
305 3339 365 3402 abs
379 3347 414 3402 te
429 3338 603 3419 diligenter
616 3355 784 3417 parvoque
798 3345 912 3399 curata
925 3344 1012 3399 sunt.
1049 3352 1077 3416 3.
1103 3337 1192 3420 quod

252 3443 295 3506 ad
318 3462 372 3505 me
393 3460 493 3522 saepe
514 3437 671 3520 scripsisti
693 3437 736 3500 de
758 3445 870 3501 nostro
892 3438 1000 3502 amico
1020 3439 1191 3521 placando,
1258 3436 1261 3444 ’

251 3543 313 3607 leci
329 3550 362 3605 et
378 3548 536 3623 expertus
551 3559 624 3603 sum
645 3541 766 3615 omnia,
787 3541 846 3604 sed
867 3541 1053 3605 mirandum
1073 3541 1107 3604 in
1122 3560 1192 3604 mo·

252 3644 332 3709 dum
344 3651 394 3706 est
409 3642 520 3706 animo
535 3640 737 3706 abalienato:
755 3642 874 3725 quibus
889 3642 931 3705 de
945 3640 1191 3724 suspicionibus,
