2748 4144
302 276 336 332 16
461 274 760 334 EPISTOLARUM
787 276 846 332 AD
872 274 1069 336 ATTICUM

298 444 448 505 perverso
470 423 551 488 liber
569 436 602 490 et
619 427 662 490 ad
687 427 882 509 dig-nitatem
905 427 938 489 in
959 448 993 489 re
1011 420 1145 508 publica¹
1161 432 1234 492 reti-

298 528 440 588 nendam
468 537 581 590 contra
610 528 696 590 illius
718 528 922 591 voluntatem
953 529 1086 604 solutus,
1118 538 1152 593 et
1180 530 1233 595 ille

297 631 459 691 secundus
475 631 508 692 in
521 630 660 692 dicendo
673 629 763 692 locus
775 628 875 691 habet
887 631 1116 692 auctoritatem
1129 651 1233 711 paene

296 734 451 815 principis
467 743 500 795 et
514 732 718 794 voluntatem
740 751 805 794 non
824 732 919 793 nimis
934 732 1119 795 devinctam
1135 735 1232 798 bene·

296 837 369 900 ficio
385 837 536 923 consulis.
579 837 694 898 tertius
710 845 760 898 est
777 834 923 910 Catulus
935 845 1078 916 quartus,
1090 838 1116 898 si
1133 839 1232 899 etiam

295 938 358 1001 hos
376 939 513 1020 quaeris,
535 936 740 1000 Hortensius.
785 935 899 998 consul
917 926 1027 999 autem
1046 936 1116 1018 ipse
1131 959 1248 1020 parvo.

295 1041 404 1103 animo
416 1051 449 1103 et
462 1059 572 1121 pravo,
583 1047 712 1101 tantum
725 1034 894 1100 cavillator
902 1058 1021 1118 genere
1032 1038 1088 1100 illo
1100 1059 1232 1103 moroso

294 1140 382 1221 quod
399 1141 498 1203 etiam
511 1141 581 1203 sine
593 1140 766 1201 dicacitate
779 1140 907 1211 ridetur,
920 1139 1002 1202 facie
1014 1141 1118 1220 magis
1130 1161 1230 1222 quam

294 1242 419 1305 facetiis
436 1241 596 1316 ridiculus,
610 1242 688 1303 nihil
701 1263 803 1324 agens
814 1262 888 1305 cum
905 1263 939 1306 re
954 1243 1092 1327 publica,
1105 1245 1230 1307 seiunc-

293 1353 346 1406 tus
376 1345 419 1406 ab
442 1344 665 1424 optimatibus,
692 1365 802 1427 aquo
832 1344 911 1406 nihil
941 1365 1050 1425 speres
1080 1345 1157 1407 boni
1183 1349 1229 1408 rei

293 1445 452 1526 publicae,
477 1445 554 1527 quia
578 1465 643 1507 non
663 1446 747 1522 vult,
768 1445 847 1507 nihil
870 1444 1022 1528 [metuas]
1043 1445 1128 1519 mali,
1151 1448 1228 1528 quia

292 1567 357 1608 non
373 1546 481 1608 audet.
525 1547 595 1608 eius
609 1555 720 1608 autem
736 1544 862 1627 collega
877 1558 911 1608 et
925 1547 958 1607 in
974 1563 1027 1608 me
1042 1547 1227 1628 perhonori-

291 1647 371 1710 ficus
395 1657 428 1710 et
454 1648 596 1728 partium
625 1648 790 1710 studiosus
816 1667 855 1709 ac
880 1647 1031 1710 defensor
1056 1649 1225 1712 bonarum.

290 1750 369 1828 quin
385 1748 451 1809 imo
467 1747 580 1809 leviter
602 1745 740 1810 inter'se
765 1748 932 1811 dissident.
976 1765 1002 1827 3.
1029 1751 1088 1811 sed
1110 1771 1224 1814 vereor

290 1870 331 1911 ne
352 1849 423 1922 hoc,
445 1849 534 1930 quod
559 1836 715 1911 iniectum
740 1858 797 1924 est,
818 1859 927 1930 serpat
948 1849 1083 1932 longius.
1128 1854 1226 1916 credo

290 1953 376 2014 enim
392 1962 426 2014 te
441 1953 579 2026 audisse,
597 1972 699 2033 quum
717 1952 805 2033 apud
826 1951 1000 2015 Caesarem
1021 1974 1080 2035 pro
1101 1957 1224 2037 populo

289 2050 389 2124 fieret,
419 2051 548 2114 venisse
580 2073 619 2114 eo
650 2052 798 2115 muliebri
828 2055 949 2115 vestitu
978 2055 1092 2127 virum,
1124 2057 1223 2138 idque

288 2153 480 2215 sacrificium
496 2173 598 2233 quum
609 2156 750 2235 virgines
765 2155 1010 2230 instaurassent‚
1023 2157 1222 2221 mentionem

202 2280 204 2285 ·
287 2276 307 2318 a
327 2254 367 2336 Q.
385 2255 559 2318 Cornificio
579 2257 611 2317 in
632 2268 749 2319 senatu
770 2254 962 2318 iactam—is
983 2256 1043 2319 suit
1063 2259 1222 2341 princeps,

286 2368 386 2420 netu
411 2358 494 2419 forte
518 2358 662 2438 aliquem
690 2367 837 2419 nostrum
866 2367 1121 2439 putes—postea
1153 2380 1221 2424 rem

284 2481 329 2523 ex
345 2470 478 2522 senatus
494 2459 642 2522 consulto
663 2459 706 2521 ad
726 2457 897 2539 pontifices
913 2459 1048 2521 relatam
1064 2460 1163 2542 idque
1177 2465 1221 2526 ab

285 2562 324 2623 iis
339 2560 429 2623 nefas
445 2581 515 2622 esse
531 2561 716 2623 decretum:
731 2560 850 2622 deinde
864 2581 908 2622 ex
924 2571 1055 2622 senatus
1070 2564 1220 2628 consulto

284 2663 433 2725 consules
449 2663 652 2743 rogationem
668 2662 912 2743 promulgasse:
932 2664 1026 2724 uxori
1044 2662 1217 2729 Caesarem

283 2765 438 2827 nuncium
459 2765 629 2826 remisisse.
675 2765 707 2825 in
725 2763 786 2825 hae
806 2784 904 2826 causa
925 2764 999 2825 Piso
1019 2766 1162 2829 amicitia
1183 2769 1215 2832 P.

284 2868 391 2932 Clodii
407 2868 524 2928 ductus
539 2886 673 2947 operam
694 2867 752 2928 dat
772 2875 808 2928 ut
828 2886 866 2928 ea
882 2867 1017 2946 rogati0,
1032 2887 1132 2947 quam
1147 2868 1217 2950 ipse

283 2973 344 3034 sert
374 2980 408 3033 et
438 2970 499 3032 sert
526 2990 570 3033 ex
594 2980 727 3033 senatus
752 2971 902 3033 consulto
929 2981 961 3032 et
987 2973 1029 3034 de
1052 2973 1215 3056 religione,

281 3077 477 3157 antiquetur.
517 3073 660 3136 Messala
670 3074 881 3136 vehementer
891 3073 998 3136 adhuc
1014 3077 1083 3157 agit
1095 3098 1213 3144 severe.

280 3179 358 3240 boni
387 3177 446 3239 viri
486 3176 636 3259 precibus
667 3176 773 3239 Clodii
803 3185 1012 3238 removentur
1047 3198 1066 3240 a
1096 3200 1212 3245 causa:
1253 3176 1258 3185 Χ

279 3300 398 3361 operae
424 3286 673 3357 comparantur:
695 3287 822 3339 nosmet
844 3277 913 3357 ipsi,
935 3279 991 3358 qui
1014 3277 1212 3363 Lycurgeia

277 3382 436 3463 principio
471 3380 650 3452 fuissemus,
683 3380 802 3440 cotidie
832 3380 1082 3461 demitigamur:
1111 3385 1211 3450 instat

277 3492 311 3544 et
335 3490 429 3561 urget
447 3480 538 3544 Cato
579 3481 658 3559 quid
675 3479 801 3541 multat
831 3500 944 3541 vereor
964 3501 1005 3544 ne
1028 3482 1110 3546 haec
1127 3506 1209 3568 neg-

276 3584 360 3645 lecta
381 3604 400 3645 a
420 3572 523 3653 lionis,
547 3582 680 3644 defensa
700 3583 742 3642 ab
763 3582 929 3662 improbis
952 3604 1145 3665 magnorum
1163 3591 1208 3652 rei

275 3685 424 3769 publicae
448 3683 608 3745 malorum
633 3703 730 3745 causa
754 3683 803 3745 sit.
858 3701 887 3762 4.
918 3693 993 3746 tuus
1017 3697 1127 3749 autem
1153 3688 1208 3754 ille
