2748 4144
273 290 310 349 3²
434 268 734 328 EPISTOLARUM
762 269 819 326 AD
848 270 1043 330 ATTICUM

272 428 389 489 vestro,
413 419 472 482 sed
498 417 669 482 voluntate
693 437 732 480 ac
755 416 873 481 iudicio
899 402 957 480 tu'o
986 418 1107 481 factum
1137 433 1208 483 esse

271 523 427 585 videatur.
450 541 516 602 qua
530 540 565 583 re
576 527 611 582 et
624 517 687 592 illa,
699 537 783 599 quae
799 517 929 593 violata,
943 520 1163 600 expiabuntur
1174 529 1207 583 et

269 623 351 687 haec
367 631 485 695 nostra,
498 640 583 702 quae
598 628 674 682 sunt
685 619 889 691 sanctissime
900 630 1098 694 conservata,
1114 641 1206 683 suam

270 721 460 803 religionem
484 705 766 881 obtinebuntff&
793 738 853 780 nos
881 719 933 782 hic
957 721 989 782 in
1015 721 1207 803 republica

271 824 398 885 infirma
427 823 544 884 misera
574 840 681 885 comm
706 818 863 900 tabilique
892 841 1064 883 versamur.
1109 822 1206 885 credo

271 926 357 988 enim
373 935 406 986 te
421 924 549 986 audisse
566 931 694 984 nostros
711 923 836 1002 equites
851 942 955 1003 paene
970 944 989 984 a
1004 932 1119 1010 senatu
1135 943 1206 986 esse

270 1027 467 1088 disiunctos:
492 1024 547 1104 qui
572 1023 711 1104 primum
740 1022 818 1084 illud
845 1023 941 1084 valde
962 1024 1103 1103 graviter
1124 1024 1206 1086 tule-

271 1134 353 1201 runt,
377 1125 621 1206 promulgatum
647 1144 691 1185 ex
714 1131 846 1185 senatus
866 1123 1014 1186 consulto
1038 1124 1143 1197 fuisse,
1169 1135 1206 1187 ut

270 1229 312 1290 de
334 1228 388 1301 eis,
412 1228 467 1309 qui
491 1227 534 1289 ob
559 1226 768 1289 iudicandum
794 1226 967 1306 pecuniam
993 1230 1205 1309 accepissent,

270 1339 486 1410 quaereretur.
525 1349 589 1409 qua
610 1328 643 1389 in
659 1347 693 1388 re
709 1328 913 1389 decernenda
933 1347 1034 1408 quum
1051 1350 1112 1410 ego
1128 1351 1205 1393 casu

270 1450 335 1491 non
351 1429 528 1491 adfuissem
546 1428 784 1506 sensissemque
802 1426 836 1487 id
857 1439 1039 1507 equestrem
1058 1430 1205 1492 ordinem

270 1533 351 1598 serre
372 1530 510 1593 moleste
528 1549 634 1610 neque
654 1538 767 1608 aperte
788 1528 903 1601 dicere,
922 1529 1090 1611 obiurgavi
1112 1551 1205 1593 sena·

269 1644 351 1703 tum,
379 1642 415 1695 ut
440 1632 519 1694 mihi
539 1632 627 1693 visus
653 1651 734 1704 sum,
758 1651 887 1693 summa
910 1652 984 1695 cum
1002 1636 1204 1708 auctoritate,

269 1746 303 1798 et
332 1736 364 1796 in
397 1754 494 1797 causa
524 1753 590 1794 non
616 1731 798 1795 verecunda
826 1734 1005 1797 admodum
1034 1738 1141 1816 gravis
1172 1746 1205 1800 et

270 1838 420 1918 copiosus
445 1834 497 1897 lui.
542 1850 570 1913 9.
601 1853 675 1896 ecce
704 1832 788 1895 aliae
814 1833 950 1897 deliciae
975 1836 1120 1915 equitum
1147 1837 1204 1898 vix

269 1937 442 1999 serendae!
475 1956 556 2016 quas
577 1955 638 2015 ego
659 1955 724 1996 non
744 1936 850 1996 solum
868 1935 936 2009 tuli,
956 1939 1013 2000 sed
1035 1938 1134 1999 etiam
1154 1958 1205 1999 or-

269 2039 353 2100 navi.
384 2037 509 2111 Asiani,
522 2036 632 2117 quide
648 2036 833 2098 censoribus
849 2038 1083 2112 conduxerunt,
1099 2042 1204 2119 questi

269 2150 345 2201 sunt
375 2139 407 2199 in
437 2147 553 2200 senatu
590 2157 626 2199 se
661 2137 842 2217 cupiditate
870 2138 1039 2219 prolapsos
1068 2141 1203 2203 nimium

269 2260 389 2320 magno
405 2239 620 2303 conduxisse:
642 2248 679 2301 ut
693 2240 899 2303 induceretur
916 2238 1043 2312 locatio,
1059 2244 1203 2322 postula·

268 2351 392 2405 verunt.
438 2361 499 2422 ego
527 2342 678 2422 princeps
704 2343 736 2402 in
763 2341 964 2404 adiutoribus
993 2351 1093 2423 atque
1121 2345 1206 2406 adeo

268 2444 438 2507 secundus.
482 2462 567 2515 nam,
598 2451 635 2504 ut
668 2441 715 2503 illi
743 2443 901 2504 auderent
929 2442 992 2506 hoc
1029 2444 1203 2523 postulare,

271 2544 407 2608 Crassus
431 2563 488 2606 eos
517 2541 656 2623 impulit.
701 2543 861 2606 invidiosa
880 2563 941 2619 res,
964 2544 1068 2623 turpis
1091 2551 1204 2624 postu-

269 2646 348 2709 latio
369 2654 402 2709 et
425 2643 585 2708 consessio
604 2645 805 2706 temeritatis.
847 2663 1011 2706 summum
1031 2653 1101 2706 erat
1119 2645 1203 2724 peri·

269 2744 377 2807 culum
399 2765 448 2819 ne,
465 2744 491 2805 si
510 2743 589 2806 nihil
609 2744 846 2826 impetrassent,
868 2744 966 2825 plane
987 2745 1204 2808 alienarentur

269 2866 288 2907 a
305 2853 430 2909 senatu.
472 2845 548 2909 huic
567 2865 703 2927 quoque
719 2846 764 2908 rei
779 2846 975 2908 subventum
991 2858 1040 2909 est
1058 2848 1204 2917 maxime

257 2956 288 3006 ‘a
309 2946 403 3007 nobis
425 2946 678 3029 perlectumque,
701 2956 738 3009 ut
757 2946 1018 3028 frequentissimo
1036 2958 1151 3012 senatu
1169 2961 1203 3013 et

250 3047 484 3110 libentissimo
500 3057 675 3124 uterentur,
692 3048 860 3128 multaque
880 3068 900 3110 a
921 3050 1035 3113 mede
1053 3052 1204 3114 ordinum

267 3149 428 3229 dignitate
446 3157 480 3211 et
498 3149 671 3212 concordia
691 3149 779 3212 dicta
800 3157 877 3210 sunt
892 3147 966 3212 Kal.
983 3149 1153 3214 Decembr.
1169 3160 1203 3217 et

268 3251 430 3330 postridie.
474 3269 582 3331 neque
619 3249 727 3312 adhuc
764 3268 815 3312 res
854 3249 1003 3313 conlecta
1042 3262 1100 3327 est,
1144 3253 1203 3316 sed

267 3350 418 3413 voluntas
454 3360 586 3413 senatus
621 3359 800 3433 perspecta.
845 3370 928 3413 unus
959 3351 1046 3415 enim
1090 3365 1204 3417 contra

267 3454 396 3516 dixerat
433 3453 589 3516 Metellus
625 3452 737 3517 consul
778 3452 979 3534 designatus.
1020 3455 1099 3536 quin
1134 3466 1203 3521 erat

267 3553 515 3616 dicturus-ad
541 3572 640 3635 quem
667 3561 801 3635 propter
823 3552 887 3617 diei
913 3553 1108 3618 brevitatem
1131 3576 1203 3637 per·

266 3666 400 3719 ventum
418 3676 484 3719 non
505 3656 710 3720 est—heros
730 3656 784 3718 ille
809 3664 919 3719 noster
942 3655 1035 3720 Cato.
1083 3674 1128 3722 10.
1157 3660 1204 3743 sic
