2748 4144
280 247 316 302 14
440 229 740 289 EPISTOLARUM
767 231 825 288 AD
853 230 1049 291 ATTICUM

277 377 385 452 βολαί.
429 380 488 442 sed
509 378 619 442 nescio
639 399 682 442 an
702 374 899 458 ταύτόματον
918 376 1014 459 ἡμῶν·
1034 401 1110 442 narn
1134 380 1223 444 mihi*

278 479 469 560 Pompeiani
494 476 667 563 πρόδρομοι
696 480 852 542 nunciant
881 489 993 561 aperte
1021 472 1224 562 Pompeium

277 587 424 641 acturum
440 579 591 641 Antonio
609 578 740 640 succedi
756 588 915 660 oportere,
932 580 1115 661 eodemque
1130 590 1212 644 tem-

276 700 355 761 pore
370 689 447 761 aget
463 689 594 761 praetor
612 680 655 741 ad
675 679 841 761 populum.
887 701 937 743 res
958 683 1134 746 eiusmodi
1154 693 1211 757 est,

276 790 312 843 ut
331 802 393 863 ego
414 801 473 842 nec
494 801 554 861 per
571 781 731 843 bonorum
753 801 814 843 nec
835 781 1027 862 popularem
1045 784 1212 846 existima·

275 885 400 945 tionem
430 881 569 944 honeste
598 882 721 963 possim
751 881 918 945 hominem
944 883 1127 957 defendere,
1153 906 1213 947 nec

277 983 355 1046 mihi
370 984 479 1058 libeat,
492 983 581 1065 quod
593 982 645 1045 vel
661 983 844 1045 maximum
860 993 917 1046 est.
955 987 1077 1048 etenim
1093 988 1212 1050 accidit

275 1087 345 1158 hoc,
363 1087 453 1167 quod
469 1095 577 1148 totum
593 1087 683 1147 cuius
704 1085 794 1147 modi
813 1087 855 1146 sit
876 1087 998 1148 mando
1013 1088 1072 1148 tibi
1089 1097 1125 1149 ut
1141 1109 1211 1169 per·

275 1189 401 1270 spicias.
453 1194 484 1250 h.
515 1187 668 1249 libertum
708 1207 769 1267 ego
804 1173 919 1260 habeo,
950 1208 1029 1250 sane
1068 1209 1210 1270 nequam

275 1289 451 1363 hominem,
465 1286 615 1349 Hilarum
633 1287 714 1361 dico,
731 1287 994 1350 ratiocinatorem
1010 1297 1043 1350 et
1058 1289 1209 1352 clientem

274 1403 379 1457 tuum.
418 1393 460 1454 de
476 1411 515 1455 eo
532 1389 611 1452 mihi
626 1389 775 1451 Valerius
791 1390 948 1472 interpres
964 1391 1095 1453 nunciat
1112 1390 1210 1453 Chili-

275 1514 377 1575 usque
398 1514 433 1554 se
453 1492 583 1554 audisse
602 1490 712 1552 scribit
734 1489 833 1552 haec:
856 1509 927 1553 esse
948 1489 1115 1552 homiuem
1135 1512 1209 1554 cum

274 1595 443 1656 Antonio:
475 1592 660 1654 Antonium
690 1609 788 1670 porro
817 1591 850 1652 in
881 1592 1035 1672 cogendis
1065 1595 1209 1673 pecuniis

275 1694 425 1757 dictitare
449 1701 576 1774 partem
606 1689 684 1751 mihi
709 1690 829 1771 quaeri,
857 1701 890 1754 et
912 1713 932 1754 a
962 1712 1015 1754 me
1039 1694 1209 1756 custodem

274 1798 457 1858 communis
492 1805 646 1877 quaestus
680 1794 833 1857 libertum
860 1815 931 1856 esse
957 1796 1100 1858 missum.
1144 1817 1209 1860 non

274 1918 347 1960 sum
372 1898 579 1960 mediocriter
603 1905 789 1958 commotus
814 1916 920 1978 neque
944 1905 1055 1958 tamen
1079 1899 1208 1973 credidi,

274 1999 332 2061 sed
356 2009 443 2061 certe
465 1997 588 2078 aliquid
612 1998 771 2060 sermonis
794 1997 864 2061 fuit.
910 2007 1017 2060 totum
1039 1999 1208 2082 investiga,

274 2119 443 2182 cognosce,
457 2099 612 2180 perspice,
625 2107 659 2161 et
674 2098 871 2162 nebulonem
885 2098 985 2175 illurn,
996 2101 1023 2162 si
1035 2122 1100 2181 quo
1112 2113 1209 2183 pacto

274 2213 378 2284 poteS,
399 2222 442 2264 ex
460 2202 531 2263 istis
555 2200 636 2262 locis
656 2220 780 2264 amove.
824 2201 919 2263 huius
939 2204 1096 2264 sermonis
1111 2204 1209 2267 Vale·

274 2307 339 2367 rius
366 2313 532 2366 auctorem
559 2301 617 2365 Cn.
643 2301 811 2365 Plancium
842 2304 1041 2367 nominabat.
1087 2306 1208 2368 mando

273 2408 333 2470 tibi
349 2405 446 2487 plane
461 2415 569 2467 totum
585 2413 621 2465 ut
633 2403 744 2466 videas
756 2405 846 2467 cuius
858 2406 947 2468 modi
964 2407 1013 2468 sit.
1052 2422 1081 2484 3.
1113 2406 1207 2468 Pom·

273 2508 383 2589 peium
401 2505 495 2568 nobis
510 2505 744 2567 amicissimum
765 2516 893 2568 constat
909 2528 987 2569 esse.
1033 2508 1207 2570 divortium

273 2609 403 2670 Muciae
422 2608 634 2669 vehementer
653 2608 819 2688 probatur.
865 2608 898 2671 P.
921 2608 1082 2685 Clodium,
1103 2610 1206 2692 Appii

273 2702 317 2781 F,
335 2708 432 2771 credo
451 2717 485 2770 te
501 2707 631 2770 audisse
653 2703 727 2770 cuin
747 2719 839 2772 veste
859 2709 1008 2772 muliebri
1029 2709 1207 2791 deprehen-

271 2830 343 2872 sum
370 2810 460 2871 domi
488 2808 523 2872 C.
552 2808 709 2885 Caesaris
736 2830 838 2891 quum
868 2830 927 2892 pro
956 2810 1079 2892 populo
1107 2809 1205 2887 fieret,

272 2932 413 2995 eumque
428 2933 487 2995 per
503 2931 618 2974 manus
634 2912 781 2975 servulae
796 2922 959 2975 servatum
980 2924 1014 2976 et
1035 2914 1205 2979 eductum:

271 3035 339 3078 rem
366 3035 437 3078 esse
462 3010 579 3096 insigni
606 3014 758 3076 infamia:
788 3014 876 3096 quod
901 3023 936 3078 te
962 3015 1099 3079 moleste
1124 3016 1206 3080 serre

270 3126 360 3181 certo
381 3117 457 3178 scio
505 3133 536 3193 4.
564 3116 644 3198 quid
666 3124 835 3197 praeterea
855 3116 898 3178 ad
921 3125 954 3179 te
977 3117 1116 3180 scribam
1140 3138 1204 3180 non

269 3217 384 3280 habeo
428 3226 461 3279 et
491 3217 675 3280 mehercule
704 3237 793 3280 eram
823 3217 856 3280 in
881 3217 1052 3280 scribendo
1078 3228 1206 3282 contur-

269 3318 383 3381 batior.
427 3337 504 3379 narn
525 3338 605 3400 puer
625 3317 768 3390 festivus,
787 3313 989 3399 ἆνωγνώστης
1009 3314 1128 3394 noster,
1144 3318 1206 3382 So-

269 3420 393 3484 sitheus
419 3420 603 3484 decesserat
629 3441 748 3503 meque
775 3421 857 3504 plus,
882 3442 983 3504 quarn
1007 3422 1092 3486 ‘servi
1119 3441 1205 3483 mors

269 3522 390 3585 debere
404 3521 587 3598 videbatur,
607 3532 839 3586 commoverat.
877 3533 914 3587 tu
929 3523 1027 3586 velim
1048 3543 1147 3605 saepe
1162 3522 1205 3585 ad

269 3643 329 3686 nos
344 3623 473 3686 scribas
518 3623 545 3686 si
568 3643 636 3687 rem
660 3622 784 3687 nullam
804 3622 950 3699 habebis,
967 3624 1056 3706 quod
1078 3623 1110 3685 in
1128 3623 1205 3686 buc-

1339 946 1343 954 .
