2748 4144
496 246 572 305 LIB.
590 247 613 305 I.
636 247 695 306 ΕΡ.
714 261 758 321 17,
777 246 821 304 18.
1088 265 1125 322 33

190 412 252 474 ego
266 411 462 454 conservans
480 392 641 455 rationem
660 388 965 474 institutionemque
982 403 1127 457 nostram

191 502 292 568 tueor,
314 502 350 556 ut
372 513 514 576 possum,
538 492 628 556 illam
652 514 672 556 a
694 514 748 556 me
770 493 1028 575 conglutinatam
1052 514 1127 557 con-

191 597 345 672 cordiam,
375 596 433 658 sed
459 605 580 671 tamen,
607 596 762 677 quoniam
792 596 856 658 ista
884 605 961 657 sunt
990 593 1126 669 infirma,

191 697 335 760 munitur
349 697 512 778 quaedam
529 697 623 760 nobis
640 697 684 759 ad
702 697 888 759 retinendas
906 717 985 777 opes
1003 705 1127 760 nostras

191 807 271 874 tuta,
287 808 323 862 ut
338 820 441 880 spero,
459 800 520 875 via,
536 820 635 881 quam
652 800 713 862 tibi
731 799 846 862 litteris
864 801 943 861 satis
964 799 1133 881 explicare

193 918 257 962 non
276 920 417 982 possum,
435 899 673 984 significatione
695 920 796 982 parva
815 901 987 963 ostendam
1005 910 1126 964 tamen.

193 1010 266 1065 utor
298 1003 456 1085 Pompeio
484 1002 739 1066 familiarissime.
783 1004 878 1065 video
915 1002 993 1083 quid
1027 1002 1126 1064 dicas.

192 1105 315 1178 cavebo
338 1126 422 1187 quae
444 1113 520 1168 sunt
540 1105 687 1168 cavenda
710 1125 748 1167 ac
768 1104 907 1167 scribam
931 1104 1011 1166 alias
1032 1105 1074 1166 ad
1094 1113 1128 1166 te

192 1205 234 1271 de
262 1208 343 1269 meis
373 1207 514 1271 consiliis
539 1207 759 1289 capessendae
787 1207 833 1269 rei
859 1206 1010 1288 publicae
1026 1206 1126 1287 plura

197 1323 241 1370 11.
266 1306 443 1370 Lucceium
468 1309 550 1370 scito
579 1307 784 1371 consulatum
813 1307 933 1370 habere
959 1308 991 1368 in
1017 1309 1127 1369 animo

192 1410 304 1471 statim
338 1418 467 1491 petere:
486 1410 566 1472 duo
598 1410 684 1472 enim
716 1409 777 1471 soli
807 1409 958 1472 dicuntur
986 1411 1127 1491 petituri.

194 1511 402 1575 Caesareum
417 1532 457 1574 eo
476 1512 561 1575 coire
578 1533 636 1594 per
650 1512 784 1574 Arrium
802 1513 926 1592 cogitat
944 1521 977 1574 et
993 1510 1127 1573 Bibulus

192 1633 266 1677 cum
286 1613 348 1677 hoc
368 1634 404 1676 se
422 1622 519 1695 putat
538 1633 596 1695 per
618 1612 654 1675 C.
678 1613 828 1675 Pisonem
850 1632 947 1694 posse
966 1612 1126 1694 coniungi.

192 1714 300 1776 rides?
332 1735 398 1777 non
421 1723 498 1778 sunt
521 1715 603 1779 haec
631 1713 774 1790 ridicula,
805 1712 1010 1776 mihicrede.
1048 1715 1127 1795 quid

191 1813 280 1883 aliud
291 1817 430 1880 scribam
446 1817 488 1880 ad
503 1817 560 1880 te?
578 1816 679 1898 quid?
699 1815 803 1878 multa
817 1824 901 1890 sunt,
912 1815 971 1878 sed
986 1817 1019 1878 in
1039 1814 1127 1878 aliud

188 1926 329 1999 tempus.
372 1928 407 1982 te
438 1920 465 1983 si
501 1919 685 1999 exspectari
716 1917 804 1992 velis,
835 1936 925 1980 cures
955 1926 991 1980 ut
1019 1919 1127 1981 sciam.

191 2019 257 2081 iam
280 2019 360 2082 illud
386 2021 535 2084 modeste
558 2041 647 2102 rogo,
679 2020 768 2102 quod
792 2022 938 2083 maxime
964 2021 1068 2103 cupi0,
1093 2031 1129 2086 ut

191 2140 291 2203 quam
330 2123 447 2186 timum
462 2123 581 2187 venias,
626 2121 730 2185 Nonis
747 2122 991 2187 Decembribus.

593 2325 725 2388 XVIII.

332 2458 471 2541 (Romae.
508 2458 645 2535 Metello,
659 2457 805 2540 Afranio
825 2477 897 2522 coss.
913 2456 999 2541 694)

480 2590 621 2665 CrcnRo
640 2591 785 2654 Arrrco
809 2590 841 2654 S.
864 2628 867 2633 ·

258 2744 284 2790 1.
330 2727 420 2790 Nihil
448 2728 529 2790 mihi
559 2747 645 2792 nunc
673 2727 755 2790 scito
789 2736 858 2789 tam
885 2726 999 2790 deesse
1028 2747 1128 2808 quam

191 2828 355 2891 hominem
372 2849 455 2904 eum,
471 2829 602 2910 quicum
618 2829 737 2904 omnia,
753 2849 839 2909 quae
858 2848 910 2891 me
925 2849 1003 2892 cura
1017 2828 1129 2911 aliqua

190 2929 354 3001 adficiunt,
385 2950 450 2992 una
483 2931 737 2993 communicem:
771 2931 827 3011 qui
860 2950 914 2992 me
944 2938 1042 3006 amet,
1072 2930 1128 3011 qui
1159 2928 1161 2931 ’

190 3029 305 3110 sapiat,
331 3030 461 3111 quicum
489 3051 552 3113 ego
577 3031 752 3112 colloquar,
779 3030 859 3093 nihil
889 3031 1022 3113 fingam,
1049 3030 1128 3093 nihil

190 3131 399 3206 dissimulem,
420 3131 499 3194 nihil
521 3133 683 3214 obtegam.
708 3133 803 3196 abest
825 3132 912 3195 enim
931 3132 1030 3197 frater
1051 3130 1127 3217 ἀφε-

188 3233 343 3299 λέστατος
373 3242 406 3296 et
432 3234 675 3297 amantissimus
699 3233 799 3318 [mei].
839 3255 880 3297 en
911 3233 1027 3298 tellus!
1060 3255 1127 3298 non

188 3333 297 3413 hom0,
312 3336 371 3397 sed

366 3444 458 3508 littus
470 3454 565 3526 atque
577 3442 637 3509 αέν
648 3455 679 3508 et
690 3444 826 3508 solitudo
841 3448 949 3508 mera!

188 3573 224 3627 tu
240 3573 360 3639 autem,
384 3567 440 3648 qui
460 3566 649 3648 saepissime
670 3586 781 3629 curam
801 3575 835 3630 et
854 3587 1010 3648 angorem
1026 3567 1126 3629 animi

189 3667 252 3729 mei
272 3687 422 3731 sermone
442 3676 476 3732 et
493 3660 628 3733 consbio
645 3665 763 3731 levasti
782 3677 849 3742 tuo,
871 3668 926 3749 qui
947 3667 1027 3730 mihi
1045 3669 1127 3734 etin
