<?xml version="1.0" encoding="UTF-8"?>
<!DOCTYPE html PUBLIC "-//W3C//DTD XHTML 1.0 Transitional//EN"
    "http://www.w3.org/TR/xhtml1/DTD/xhtml1-transitional.dtd">
<html xmlns="http://www.w3.org/1999/xhtml" xml:lang="en" lang="en">
 <head>
  <title>
</title>
<meta http-equiv="Content-Type" content="text/html;charset=utf-8" />
  <meta name='ocr-system' content='tesseract 3.04.00' />
  <meta name='ocr-capabilities' content='ocr_page ocr_carea ocr_par ocr_line ocrx_word'/>
</head>
<body>
  <div class='ocr_page' id='page_1' title='image "./lettersciceroto00pretgoog/lettersciceroto00pretgoog_0044.png"; bbox 0 0 2748 4144; ppageno 0'>
   <div class='ocr_carea' id='block_1_1' title="bbox 479 217 1105 293">
    <p class='ocr_par' dir='ltr' id='par_1_1' title="bbox 479 217 1105 293">
     <span class='ocr_line' id='line_1_1' title="bbox 479 217 1105 293; baseline 0.003 -20"><span class='ocrx_word' id='word_1_1' title='bbox 479 217 596 276; x_wconf 81' lang='lat' dir='ltr'>LIB.1.</span> <span class='ocrx_word' id='word_1_2' title='bbox 620 218 678 276; x_wconf 88' lang='grc' dir='ltr'>ΕΡ.</span> <span class='ocrx_word' id='word_1_3' title='bbox 699 236 804 291; x_wconf 86' lang='lat'>11,12.</span> <span class='ocrx_word' id='word_1_4' title='bbox 1072 238 1105 293; x_wconf 85' lang='lat'>13</span> 
     </span>
    </p>
   </div>
   <div class='ocr_carea' id='block_1_2' title="bbox 170 362 1107 964">
    <p class='ocr_par' dir='ltr' id='par_1_2' title="bbox 170 362 1107 964">
     <span class='ocr_line' id='line_1_2' title="bbox 171 362 1106 444; baseline -0.003 -19"><span class='ocrx_word' id='word_1_5' title='bbox 171 364 198 426; x_wconf 90' lang='lat' dir='ltr'>si</span> <span class='ocrx_word' id='word_1_6' title='bbox 221 364 322 425; x_wconf 88' lang='lat' dir='ltr'>modo</span> <span class='ocrx_word' id='word_1_7' title='bbox 344 363 426 425; x_wconf 86' lang='lat' dir='ltr'>tanti</span> <span class='ocrx_word' id='word_1_8' title='bbox 447 362 587 444; x_wconf 86' lang='lat' dir='ltr'>putaris:</span> <span class='ocrx_word' id='word_1_9' title='bbox 612 362 645 424; x_wconf 91' lang='lat' dir='ltr'>id</span> <span class='ocrx_word' id='word_1_10' title='bbox 660 363 758 444; x_wconf 92' lang='lat' dir='ltr'>quod,</span> <span class='ocrx_word' id='word_1_11' title='bbox 781 363 807 424; x_wconf 91' lang='lat' dir='ltr'>si</span> <span class='ocrx_word' id='word_1_12' title='bbox 829 383 882 425; x_wconf 91' lang='lat' dir='ltr'>me</span> <span class='ocrx_word' id='word_1_13' title='bbox 902 362 1015 424; x_wconf 90' lang='lat' dir='ltr'>audies</span> <span class='ocrx_word' id='word_1_14' title='bbox 1031 371 1064 423; x_wconf 88' lang='lat' dir='ltr'>et</span> <span class='ocrx_word' id='word_1_15' title='bbox 1079 362 1106 423; x_wconf 92' lang='lat' dir='ltr'>si</span> 
     </span>
     <span class='ocr_line' id='line_1_3' title="bbox 171 463 1107 546; baseline 0.001 -20"><span class='ocrx_word' id='word_1_16' title='bbox 171 464 368 537; x_wconf 85' lang='lat' dir='ltr'>humanitati</span> <span class='ocrx_word' id='word_1_17' title='bbox 392 475 468 525; x_wconf 87' lang='lat' dir='ltr'>tuae</span> <span class='ocrx_word' id='word_1_18' title='bbox 488 473 638 526; x_wconf 86' lang='lat' dir='ltr'>constare</span> <span class='ocrx_word' id='word_1_19' title='bbox 660 463 759 538; x_wconf 87' lang='lat' dir='ltr'>voles,</span> <span class='ocrx_word' id='word_1_20' title='bbox 777 474 864 526; x_wconf 88' lang='lat' dir='ltr'>certe</span> <span class='ocrx_word' id='word_1_21' title='bbox 885 464 1024 546; x_wconf 91' lang='lat' dir='ltr'>putabis.</span> <span class='ocrx_word' id='word_1_22' title='bbox 1068 485 1107 527; x_wconf 86' lang='lat' dir='ltr'>ac</span> 
     </span>
     <span class='ocr_line' id='line_1_4' title="bbox 171 564 1106 647; baseline -0.001 -20"><span class='ocrx_word' id='word_1_23' title='bbox 171 586 214 627; x_wconf 84' lang='lat' dir='ltr'>ne</span> <span class='ocrx_word' id='word_1_24' title='bbox 235 564 314 625; x_wconf 93' lang='lat' dir='ltr'>illud</span> <span class='ocrx_word' id='word_1_25' title='bbox 339 566 460 639; x_wconf 84' lang='lat' dir='ltr'>mirere,</span> <span class='ocrx_word' id='word_1_26' title='bbox 481 584 545 639; x_wconf 89' lang='lat' dir='ltr'>cur,</span> <span class='ocrx_word' id='word_1_27' title='bbox 562 585 664 644; x_wconf 91' lang='lat' dir='ltr'>quum</span> <span class='ocrx_word' id='word_1_28' title='bbox 685 586 747 646; x_wconf 84' lang='lat' dir='ltr'>ego</span> <span class='ocrx_word' id='word_1_29' title='bbox 771 576 869 628; x_wconf 88' lang='lat' dir='ltr'>antea</span> <span class='ocrx_word' id='word_1_30' title='bbox 890 566 1106 647; x_wconf 87' lang='lat' dir='ltr'>significarem</span> 
     </span>
     <span class='ocr_line' id='line_1_5' title="bbox 170 667 1107 750; baseline 0.002 -22"><span class='ocrx_word' id='word_1_31' title='bbox 170 668 230 729; x_wconf 91' lang='lat' dir='ltr'>tibi</span> <span class='ocrx_word' id='word_1_32' title='bbox 246 687 304 748; x_wconf 90' lang='lat' dir='ltr'>per</span> <span class='ocrx_word' id='word_1_33' title='bbox 319 667 443 730; x_wconf 85' lang='lat' dir='ltr'>litteras</span> <span class='ocrx_word' id='word_1_34' title='bbox 458 688 512 730; x_wconf 91' lang='lat' dir='ltr'>me</span> <span class='ocrx_word' id='word_1_35' title='bbox 526 689 657 750; x_wconf 86' lang='lat' dir='ltr'>sperare</span> <span class='ocrx_word' id='word_1_36' title='bbox 668 668 760 731; x_wconf 91' lang='lat' dir='ltr'>illum</span> <span class='ocrx_word' id='word_1_37' title='bbox 772 669 805 731; x_wconf 91' lang='lat' dir='ltr'>in</span> <span class='ocrx_word' id='word_1_38' title='bbox 818 679 929 732; x_wconf 89' lang='lat' dir='ltr'>nostra</span> <span class='ocrx_word' id='word_1_39' title='bbox 942 678 1107 750; x_wconf 86' lang='lat' dir='ltr'>potestate</span> 
     </span>
     <span class='ocr_line' id='line_1_6' title="bbox 171 769 1107 844; baseline 0 -12"><span class='ocrx_word' id='word_1_40' title='bbox 171 771 249 844; x_wconf 79' lang='lat' dir='ltr'>fore,</span> <span class='ocrx_word' id='word_1_41' title='bbox 281 790 366 831; x_wconf 92' lang='lat' dir='ltr'>nunc</span> <span class='ocrx_word' id='word_1_42' title='bbox 395 769 483 835; x_wconf 92' lang='lat' dir='ltr'>idem</span> <span class='ocrx_word' id='word_1_43' title='bbox 511 770 624 832; x_wconf 89' lang='lat' dir='ltr'>videar</span> <span class='ocrx_word' id='word_1_44' title='bbox 653 771 808 844; x_wconf 88' lang='lat' dir='ltr'>diffidere,</span> <span class='ocrx_word' id='word_1_45' title='bbox 839 772 1028 834; x_wconf 86' lang='lat' dir='ltr'>incredibile</span> <span class='ocrx_word' id='word_1_46' title='bbox 1057 780 1107 833; x_wconf 89' lang='lat' dir='ltr'>est</span> 
     </span>
     <span class='ocr_line' id='line_1_7' title="bbox 170 870 1107 964; baseline 0.001 -31"><span class='ocrx_word' id='word_1_47' title='bbox 170 881 296 951; x_wconf 87' lang='lat' dir='ltr'>quanto</span> <span class='ocrx_word' id='word_1_48' title='bbox 312 870 404 964; x_wconf 79' lang='lat' dir='ltr'>¹mihi</span> <span class='ocrx_word' id='word_1_49' title='bbox 432 872 582 935; x_wconf 89' lang='lat' dir='ltr'>videatur</span> <span class='ocrx_word' id='word_1_50' title='bbox 615 872 699 935; x_wconf 92' lang='lat' dir='ltr'>illius</span> <span class='ocrx_word' id='word_1_51' title='bbox 728 873 880 936; x_wconf 87' lang='lat' dir='ltr'>voluntas</span> <span class='ocrx_word' id='word_1_52' title='bbox 912 874 1107 936; x_wconf 88' lang='lat' dir='ltr'>obstinatior</span> 
     </span>
    </p>
   </div>
   <div class='ocr_carea' id='block_1_3' title="bbox 171 975 1194 1055">
    <p class='ocr_par' dir='ltr' id='par_1_3' title="bbox 171 975 1194 1055">
     <span class='ocr_line' id='line_1_8' title="bbox 171 975 1194 1055; baseline 0.002 -19"><span class='ocrx_word' id='word_1_53' title='bbox 171 986 205 1037; x_wconf 90' lang='lat' dir='ltr'>et</span> <span class='ocrx_word' id='word_1_54' title='bbox 220 977 252 1037; x_wconf 94' lang='lat' dir='ltr'>in</span> <span class='ocrx_word' id='word_1_55' title='bbox 267 975 328 1037; x_wconf 91' lang='lat' dir='ltr'>hac</span> <span class='ocrx_word' id='word_1_56' title='bbox 343 975 511 1038; x_wconf 90' lang='lat' dir='ltr'>iracundia</span> <span class='ocrx_word' id='word_1_57' title='bbox 527 975 748 1039; x_wconf 82' lang='lat' dir='ltr'>obfirmatior:</span> <span class='ocrx_word' id='word_1_58' title='bbox 770 977 828 1039; x_wconf 91' lang='lat' dir='ltr'>sed</span> <span class='ocrx_word' id='word_1_59' title='bbox 844 978 925 1040; x_wconf 83' lang='lat' dir='ltr'>hae&#39;c</span> <span class='ocrx_word' id='word_1_60' title='bbox 939 986 997 1038; x_wconf 89' lang='lat' dir='ltr'>aut</span> <span class='ocrx_word' id='word_1_61' title='bbox 1011 997 1106 1055; x_wconf 90' lang='lat' dir='ltr'>sana·</span> <span class='ocrx_word' id='word_1_62' title='bbox 1182 1006 1194 1037; x_wconf 61' lang='lat' dir='ltr'>s</span> 
     </span>
    </p>
   </div>
   <div class='ocr_carea' id='block_1_4' title="bbox 169 1080 1149 2481">
    <p class='ocr_par' dir='ltr' id='par_1_4' title="bbox 169 1080 1149 2481">
     <span class='ocr_line' id='line_1_9' title="bbox 171 1080 1106 1161; baseline 0.001 -20"><span class='ocrx_word' id='word_1_63' title='bbox 171 1080 291 1142; x_wconf 89' lang='lat' dir='ltr'>buntur</span> <span class='ocrx_word' id='word_1_64' title='bbox 313 1101 414 1161; x_wconf 91' lang='lat' dir='ltr'>quum</span> <span class='ocrx_word' id='word_1_65' title='bbox 435 1082 569 1157; x_wconf 89' lang='lat' dir='ltr'>veneris,</span> <span class='ocrx_word' id='word_1_66' title='bbox 587 1092 644 1144; x_wconf 90' lang='lat' dir='ltr'>aut</span> <span class='ocrx_word' id='word_1_67' title='bbox 664 1083 693 1144; x_wconf 94' lang='lat' dir='ltr'>ei</span> <span class='ocrx_word' id='word_1_68' title='bbox 715 1081 855 1144; x_wconf 88' lang='lat' dir='ltr'>molesta</span> <span class='ocrx_word' id='word_1_69' title='bbox 875 1091 969 1144; x_wconf 85' lang='lat' dir='ltr'>erunt</span> <span class='ocrx_word' id='word_1_70' title='bbox 984 1082 1017 1143; x_wconf 91' lang='lat' dir='ltr'>in</span> <span class='ocrx_word' id='word_1_71' title='bbox 1033 1090 1106 1142; x_wconf 88' lang='lat' dir='ltr'>utro</span> 
     </span>
     <span class='ocr_line' id='line_1_10' title="bbox 170 1167 1105 1263; baseline 0 -21"><span class='ocrx_word' id='word_1_72' title='bbox 170 1179 265 1260; x_wconf 88' lang='lat' dir='ltr'>culpa</span> <span class='ocrx_word' id='word_1_73' title='bbox 284 1181 353 1243; x_wconf 84' lang='lat' dir='ltr'>erit.</span> <span class='ocrx_word' id='word_1_74' title='bbox 398 1197 426 1242; x_wconf 88' lang='lat'>2.</span> <span class='ocrx_word' id='word_1_75' title='bbox 451 1181 540 1261; x_wconf 92' lang='lat' dir='ltr'>quod</span> <span class='ocrx_word' id='word_1_76' title='bbox 558 1167 593 1243; x_wconf 89' lang='lat' dir='ltr'>in</span> <span class='ocrx_word' id='word_1_77' title='bbox 612 1181 751 1263; x_wconf 89' lang='lat' dir='ltr'>epistola</span> <span class='ocrx_word' id='word_1_78' title='bbox 770 1191 827 1244; x_wconf 88' lang='lat' dir='ltr'>tua</span> <span class='ocrx_word' id='word_1_79' title='bbox 846 1183 1004 1263; x_wconf 89' lang='lat' dir='ltr'>scriptum</span> <span class='ocrx_word' id='word_1_80' title='bbox 1027 1191 1105 1254; x_wconf 86' lang='lat' dir='ltr'>erat,</span> 
     </span>
     <span class='ocr_line' id='line_1_11' title="bbox 171 1281 1105 1363; baseline 0.003 -20"><span class='ocrx_word' id='word_1_81' title='bbox 171 1300 223 1343; x_wconf 88' lang='lat' dir='ltr'>me</span> <span class='ocrx_word' id='word_1_82' title='bbox 238 1283 303 1343; x_wconf 88' lang='lat' dir='ltr'>iam</span> <span class='ocrx_word' id='word_1_83' title='bbox 326 1282 474 1344; x_wconf 89' lang='lat' dir='ltr'>arbitrari</span> <span class='ocrx_word' id='word_1_84' title='bbox 496 1281 704 1363; x_wconf 85' lang='lat' dir='ltr'>designatum</span> <span class='ocrx_word' id='word_1_85' title='bbox 724 1304 814 1346; x_wconf 91' lang='lat' dir='ltr'>esse:</span> <span class='ocrx_word' id='word_1_86' title='bbox 837 1284 920 1345; x_wconf 88' lang='lat' dir='ltr'>scito</span> <span class='ocrx_word' id='word_1_87' title='bbox 941 1283 1020 1345; x_wconf 92' lang='lat' dir='ltr'>nihil</span> <span class='ocrx_word' id='word_1_88' title='bbox 1036 1293 1105 1346; x_wconf 89' lang='lat' dir='ltr'>tam</span> 
     </span>
     <span class='ocr_line' id='line_1_12' title="bbox 171 1383 1107 1464; baseline 0.002 -21"><span class='ocrx_word' id='word_1_89' title='bbox 171 1383 351 1444; x_wconf 83' lang='lat' dir='ltr'>exercitum</span> <span class='ocrx_word' id='word_1_90' title='bbox 373 1403 444 1444; x_wconf 89' lang='lat' dir='ltr'>esse</span> <span class='ocrx_word' id='word_1_91' title='bbox 464 1402 550 1444; x_wconf 90' lang='lat' dir='ltr'>nunc</span> <span class='ocrx_word' id='word_1_92' title='bbox 570 1383 698 1445; x_wconf 86' lang='lat' dir='ltr'>Romae</span> <span class='ocrx_word' id='word_1_93' title='bbox 714 1404 813 1464; x_wconf 91' lang='lat' dir='ltr'>quam</span> <span class='ocrx_word' id='word_1_94' title='bbox 830 1385 1022 1447; x_wconf 86' lang='lat' dir='ltr'>candidatos</span> <span class='ocrx_word' id='word_1_95' title='bbox 1037 1405 1107 1446; x_wconf 93' lang='lat' dir='ltr'>om-</span> 
     </span>
     <span class='ocr_line' id='line_1_13' title="bbox 170 1483 1149 1566; baseline 0.004 -22"><span class='ocrx_word' id='word_1_96' title='bbox 170 1484 265 1546; x_wconf 91' lang='lat' dir='ltr'>nibus</span> <span class='ocrx_word' id='word_1_97' title='bbox 286 1483 511 1564; x_wconf 89' lang='lat' dir='ltr'>iniquitatibus</span> <span class='ocrx_word' id='word_1_98' title='bbox 532 1504 592 1547; x_wconf 89' lang='lat' dir='ltr'>nec</span> <span class='ocrx_word' id='word_1_99' title='bbox 611 1485 744 1566; x_wconf 86' lang='lat' dir='ltr'>quando</span> <span class='ocrx_word' id='word_1_100' title='bbox 765 1484 872 1548; x_wconf 87' lang='lat' dir='ltr'>futura</span> <span class='ocrx_word' id='word_1_101' title='bbox 892 1488 958 1548; x_wconf 91' lang='lat' dir='ltr'>sint</span> <span class='ocrx_word' id='word_1_102' title='bbox 973 1487 1106 1548; x_wconf 89' lang='lat' dir='ltr'>comitia</span> <span class='ocrx_word' id='word_1_103' title='bbox 1146 1487 1149 1493; x_wconf 71' lang='grc'><strong>”</strong></span> 
     </span>
     <span class='ocr_line' id='line_1_14' title="bbox 170 1585 1104 1667; baseline 0.002 -20"><span class='ocrx_word' id='word_1_104' title='bbox 170 1586 251 1648; x_wconf 89' lang='lat' dir='ltr'>sciri.</span> <span class='ocrx_word' id='word_1_105' title='bbox 296 1605 409 1647; x_wconf 90' lang='lat' dir='ltr'>verum</span> <span class='ocrx_word' id='word_1_106' title='bbox 431 1585 512 1648; x_wconf 93' lang='lat' dir='ltr'>haec</span> <span class='ocrx_word' id='word_1_107' title='bbox 538 1587 652 1648; x_wconf 89' lang='lat' dir='ltr'>audies</span> <span class='ocrx_word' id='word_1_108' title='bbox 676 1586 718 1649; x_wconf 93' lang='lat' dir='ltr'>de</span> <span class='ocrx_word' id='word_1_109' title='bbox 742 1585 964 1667; x_wconf 86' lang='lat' dir='ltr'>Philadelpho</span> <span class='ocrx_word' id='word_1_110' title='bbox 1016 1603 1044 1665; x_wconf 68' lang='lat'>3,</span> <span class='ocrx_word' id='word_1_111' title='bbox 1068 1596 1104 1649; x_wconf 88' lang='lat' dir='ltr'>tu</span> 
     </span>
     <span class='ocr_line' id='line_1_15' title="bbox 169 1687 1106 1771; baseline 0.003 -23"><span class='ocrx_word' id='word_1_112' title='bbox 169 1687 268 1749; x_wconf 91' lang='lat' dir='ltr'>velim</span> <span class='ocrx_word' id='word_1_113' title='bbox 290 1708 375 1767; x_wconf 88' lang='lat' dir='ltr'>quae</span> <span class='ocrx_word' id='word_1_114' title='bbox 397 1687 600 1751; x_wconf 88' lang='lat' dir='ltr'>Academiae</span> <span class='ocrx_word' id='word_1_115' title='bbox 622 1698 753 1752; x_wconf 88' lang='lat' dir='ltr'>nostrae</span> <span class='ocrx_word' id='word_1_116' title='bbox 775 1691 897 1770; x_wconf 87' lang='lat' dir='ltr'>parasti</span> <span class='ocrx_word' id='word_1_117' title='bbox 920 1710 1019 1770; x_wconf 89' lang='lat' dir='ltr'>quam</span> <span class='ocrx_word' id='word_1_118' title='bbox 1042 1691 1106 1771; x_wconf 90' lang='lat' dir='ltr'>pri·</span> 
     </span>
     <span class='ocr_line' id='line_1_16' title="bbox 171 1789 1105 1870; baseline 0.004 -21"><span class='ocrx_word' id='word_1_119' title='bbox 171 1809 262 1849; x_wconf 91' lang='lat' dir='ltr'>mum</span> <span class='ocrx_word' id='word_1_120' title='bbox 278 1789 399 1850; x_wconf 85' lang='lat' dir='ltr'>mittas.</span> <span class='ocrx_word' id='word_1_121' title='bbox 431 1789 512 1851; x_wconf 89' lang='lat' dir='ltr'>mire</span> <span class='ocrx_word' id='word_1_122' title='bbox 526 1810 625 1870; x_wconf 93' lang='lat' dir='ltr'>quam</span> <span class='ocrx_word' id='word_1_123' title='bbox 642 1789 726 1852; x_wconf 91' lang='lat' dir='ltr'>illius</span> <span class='ocrx_word' id='word_1_124' title='bbox 741 1789 803 1854; x_wconf 91' lang='lat' dir='ltr'>loci</span> <span class='ocrx_word' id='word_1_125' title='bbox 820 1811 885 1853; x_wconf 90' lang='lat' dir='ltr'>non</span> <span class='ocrx_word' id='word_1_126' title='bbox 902 1791 1003 1854; x_wconf 86' lang='lat' dir='ltr'>modo</span> <span class='ocrx_word' id='word_1_127' title='bbox 1018 1812 1105 1868; x_wconf 91' lang='lat' dir='ltr'>usus,</span> 
     </span>
     <span class='ocr_line' id='line_1_17' title="bbox 170 1889 1112 1971; baseline 0.006 -20"><span class='ocrx_word' id='word_1_128' title='bbox 170 1889 229 1952; x_wconf 89' lang='lat' dir='ltr'>sed</span> <span class='ocrx_word' id='word_1_129' title='bbox 245 1892 344 1952; x_wconf 88' lang='lat' dir='ltr'>etiam</span> <span class='ocrx_word' id='word_1_130' title='bbox 362 1891 518 1971; x_wconf 85' lang='lat' dir='ltr'>cogitatio</span> <span class='ocrx_word' id='word_1_131' title='bbox 534 1890 684 1965; x_wconf 77' lang='lat' dir='ltr'>delectat</span> <span class='ocrx_word' id='word_1_132' title='bbox 728 1892 827 1955; x_wconf 89' lang='lat' dir='ltr'>libros</span> <span class='ocrx_word' id='word_1_133' title='bbox 842 1910 920 1955; x_wconf 90' lang='lat' dir='ltr'>vero</span> <span class='ocrx_word' id='word_1_134' title='bbox 935 1901 1010 1960; x_wconf 88' lang='lat' dir='ltr'>tuos</span> <span class='ocrx_word' id='word_1_135' title='bbox 1028 1915 1112 1957; x_wconf 85' lang='lat' dir='ltr'>cave</span> 
     </span>
     <span class='ocr_line' id='line_1_18' title="bbox 170 1992 1106 2075; baseline 0.004 -22"><span class='ocrx_word' id='word_1_136' title='bbox 170 1993 322 2073; x_wconf 89' lang='lat' dir='ltr'>cuiquam</span> <span class='ocrx_word' id='word_1_137' title='bbox 338 1992 458 2055; x_wconf 88' lang='lat' dir='ltr'>tradas.</span> <span class='ocrx_word' id='word_1_138' title='bbox 504 1993 599 2056; x_wconf 87' lang='lat' dir='ltr'>nobis</span> <span class='ocrx_word' id='word_1_139' title='bbox 615 2014 679 2068; x_wconf 90' lang='lat' dir='ltr'>eos,</span> <span class='ocrx_word' id='word_1_140' title='bbox 696 2014 794 2075; x_wconf 92' lang='lat' dir='ltr'>quem</span> <span class='ocrx_word' id='word_1_141' title='bbox 811 1995 854 2056; x_wconf 91' lang='lat' dir='ltr'>ad</span> <span class='ocrx_word' id='word_1_142' title='bbox 878 1995 1014 2057; x_wconf 93' lang='lat' dir='ltr'>modum</span> <span class='ocrx_word' id='word_1_143' title='bbox 1029 1997 1106 2057; x_wconf 88' lang='lat' dir='ltr'>scri·</span> 
     </span>
     <span class='ocr_line' id='line_1_19' title="bbox 170 2093 1104 2183; baseline 0.003 -28"><span class='ocrx_word' id='word_1_144' title='bbox 170 2093 228 2167; x_wconf 84' lang='lat' dir='ltr'>bis,</span> <span class='ocrx_word' id='word_1_145' title='bbox 243 2113 406 2154; x_wconf 88' lang='lat' dir='ltr'>conserva.</span> <span class='ocrx_word' id='word_1_146' title='bbox 451 2113 616 2155; x_wconf 90' lang='lat' dir='ltr'>summum</span> <span class='ocrx_word' id='word_1_147' title='bbox 633 2113 686 2156; x_wconf 92' lang='lat' dir='ltr'>me</span> <span class='ocrx_word' id='word_1_148' title='bbox 707 2113 819 2183; x_wconf 87' lang='lat' dir='ltr'>eorum</span> <span class='ocrx_word' id='word_1_149' title='bbox 841 2096 985 2157; x_wconf 91' lang='lat' dir='ltr'>studium</span> <span class='ocrx_word' id='word_1_150' title='bbox 1006 2105 1104 2172; x_wconf 89' lang='lat' dir='ltr'>tenet,</span> 
     </span>
     <span class='ocr_line' id='line_1_20' title="bbox 170 2194 1105 2279; baseline 0.006 -24"><span class='ocrx_word' id='word_1_151' title='bbox 170 2195 253 2256; x_wconf 86' lang='lat' dir='ltr'>sicut</span> <span class='ocrx_word' id='word_1_152' title='bbox 268 2194 380 2255; x_wconf 92' lang='lat' dir='ltr'>odium</span> <span class='ocrx_word' id='word_1_153' title='bbox 401 2196 466 2257; x_wconf 89' lang='lat' dir='ltr'>iarn</span> <span class='ocrx_word' id='word_1_154' title='bbox 486 2203 684 2257; x_wconf 86' lang='lat' dir='ltr'>caeterarum</span> <span class='ocrx_word' id='word_1_155' title='bbox 702 2216 829 2260; x_wconf 89' lang='lat' dir='ltr'>rerum:</span> <span class='ocrx_word' id='word_1_156' title='bbox 852 2218 933 2279; x_wconf 85' lang='lat' dir='ltr'>quas</span> <span class='ocrx_word' id='word_1_157' title='bbox 952 2208 988 2261; x_wconf 95' lang='lat' dir='ltr'>tu</span> <span class='ocrx_word' id='word_1_158' title='bbox 1004 2199 1105 2261; x_wconf 88' lang='lat' dir='ltr'>incre-</span> 
     </span>
     <span class='ocr_line' id='line_1_21' title="bbox 169 2297 1104 2381; baseline 0.005 -23"><span class='ocrx_word' id='word_1_159' title='bbox 169 2297 270 2361; x_wconf 91' lang='lat' dir='ltr'>dibile</span> <span class='ocrx_word' id='word_1_160' title='bbox 296 2309 345 2361; x_wconf 88' lang='lat' dir='ltr'>est</span> <span class='ocrx_word' id='word_1_161' title='bbox 369 2319 468 2379; x_wconf 89' lang='lat' dir='ltr'>quam</span> <span class='ocrx_word' id='word_1_162' title='bbox 495 2299 584 2362; x_wconf 89' lang='lat' dir='ltr'>brevi</span> <span class='ocrx_word' id='word_1_163' title='bbox 608 2308 756 2380; x_wconf 90' lang='lat' dir='ltr'>tempore</span> <span class='ocrx_word' id='word_1_164' title='bbox 780 2312 904 2381; x_wconf 89' lang='lat' dir='ltr'>quanto</span> <span class='ocrx_word' id='word_1_165' title='bbox 928 2302 1104 2364; x_wconf 90' lang='lat' dir='ltr'>deteriores</span> 
     </span>
     <span class='ocr_line' id='line_1_22' title="bbox 169 2398 707 2481; baseline 0.004 -20"><span class='ocrx_word' id='word_1_166' title='bbox 169 2399 351 2462; x_wconf 81' lang='lat' dir='ltr'>offensurus</span> <span class='ocrx_word' id='word_1_167' title='bbox 366 2402 409 2462; x_wconf 92' lang='lat' dir='ltr'>sis</span> <span class='ocrx_word' id='word_1_168' title='bbox 425 2420 526 2481; x_wconf 89' lang='lat' dir='ltr'>quam</span> <span class='ocrx_word' id='word_1_169' title='bbox 542 2398 707 2481; x_wconf 87' lang='lat' dir='ltr'>reliquisti.</span> 
     </span>
    </p>
   </div>
   <div class='ocr_carea' id='block_1_5' title="bbox 313 2601 965 2826">
    <p class='ocr_par' dir='ltr' id='par_1_5' title="bbox 313 2601 965 2826">
     <span class='ocr_line' id='line_1_23' title="bbox 596 2601 679 2664; baseline 0 0"><span class='ocrx_word' id='word_1_170' title='bbox 596 2601 679 2664; x_wconf 88' lang='lat' dir='ltr'><strong>XII.</strong></span> 
     </span>
     <span class='ocr_line' id='line_1_24' title="bbox 313 2737 965 2826; baseline 0.005 -26"><span class='ocrx_word' id='word_1_171' title='bbox 313 2738 453 2821; x_wconf 84' lang='lat' dir='ltr'>(Romae.</span> <span class='ocrx_word' id='word_1_172' title='bbox 490 2737 643 2814; x_wconf 78' lang='lat' dir='ltr'>Messala,</span> <span class='ocrx_word' id='word_1_173' title='bbox 660 2738 778 2801; x_wconf 62' lang='lat' dir='ltr'>Pisone</span> <span class='ocrx_word' id='word_1_174' title='bbox 790 2760 861 2804; x_wconf 83' lang='lat' dir='ltr'>coss.</span> <span class='ocrx_word' id='word_1_175' title='bbox 878 2742 965 2826; x_wconf 86' lang='lat'><strong>693.)</strong></span> 
     </span>
    </p>
   </div>
   <div class='ocr_carea' id='block_1_6' title="bbox 456 2874 816 2940">
    <p class='ocr_par' dir='ltr' id='par_1_6' title="bbox 456 2874 816 2940">
     <span class='ocr_line' id='line_1_25' title="bbox 456 2874 816 2940; baseline 0.003 -1"><span class='ocrx_word' id='word_1_176' title='bbox 456 2875 594 2939; x_wconf 77' lang='lat' dir='ltr'>Crcuno</span> <span class='ocrx_word' id='word_1_177' title='bbox 616 2874 760 2938; x_wconf 80' lang='lat' dir='ltr'>Arrrco</span> <span class='ocrx_word' id='word_1_178' title='bbox 784 2875 816 2940; x_wconf 91' lang='lat' dir='ltr'>S.</span> 
     </span>
    </p>
   </div>
   <div class='ocr_carea' id='block_1_7' title="bbox 168 3009 1104 3803">
    <p class='ocr_par' dir='ltr' id='par_1_7' title="bbox 168 3009 1104 3703">
     <span class='ocr_line' id='line_1_26' title="bbox 237 3009 1104 3094; baseline 0.006 -24"><span class='ocrx_word' id='word_1_179' title='bbox 237 3025 261 3072; x_wconf 92' lang='lat'>1.</span> <span class='ocrx_word' id='word_1_180' title='bbox 306 3009 435 3092; x_wconf 73' lang='lat' dir='ltr'>Tedxpre</span> <span class='ocrx_word' id='word_1_181' title='bbox 455 3009 510 3077; x_wconf 86' lang='lat' dir='ltr'>illa</span> <span class='ocrx_word' id='word_1_182' title='bbox 535 3009 661 3075; x_wconf 88' lang='lat' dir='ltr'>lentum</span> <span class='ocrx_word' id='word_1_183' title='bbox 685 3029 764 3072; x_wconf 87' lang='lat' dir='ltr'>sane</span> <span class='ocrx_word' id='word_1_184' title='bbox 790 3011 971 3093; x_wconf 83' lang='lat' dir='ltr'>negocium,</span> <span class='ocrx_word' id='word_1_185' title='bbox 998 3033 1104 3094; x_wconf 86' lang='lat' dir='ltr'>neque</span> 
     </span>
     <span class='ocr_line' id='line_1_27' title="bbox 169 3109 1103 3194; baseline 0.002 -21"><span class='ocrx_word' id='word_1_186' title='bbox 169 3109 339 3174; x_wconf 89' lang='lat' dir='ltr'>Cornelius</span> <span class='ocrx_word' id='word_1_187' title='bbox 363 3111 406 3175; x_wconf 88' lang='lat' dir='ltr'>ad</span> <span class='ocrx_word' id='word_1_188' title='bbox 427 3111 616 3175; x_wconf 89' lang='lat' dir='ltr'>Terentiam</span> <span class='ocrx_word' id='word_1_189' title='bbox 639 3121 756 3193; x_wconf 88' lang='lat' dir='ltr'>postea</span> <span class='ocrx_word' id='word_1_190' title='bbox 778 3113 892 3175; x_wconf 87' lang='lat' dir='ltr'>rediit:</span> <span class='ocrx_word' id='word_1_191' title='bbox 914 3114 1038 3194; x_wconf 89' lang='lat' dir='ltr'>opinor,</span> <span class='ocrx_word' id='word_1_192' title='bbox 1061 3114 1103 3175; x_wconf 90' lang='lat' dir='ltr'>ad</span> 
     </span>
     <span class='ocr_line' id='line_1_28' title="bbox 169 3210 1101 3295; baseline 0.004 -23"><span class='ocrx_word' id='word_1_193' title='bbox 169 3210 370 3288; x_wconf 81' lang='lat' dir='ltr'>Considium,</span> <span class='ocrx_word' id='word_1_194' title='bbox 399 3211 538 3288; x_wconf 89' lang='lat' dir='ltr'>Axium,</span> <span class='ocrx_word' id='word_1_195' title='bbox 570 3212 725 3277; x_wconf 87' lang='lat' dir='ltr'>Selicium</span> <span class='ocrx_word' id='word_1_196' title='bbox 758 3214 1013 3295; x_wconf 85' lang='lat' dir='ltr'>confugiendum</span> <span class='ocrx_word' id='word_1_197' title='bbox 1044 3225 1101 3288; x_wconf 87' lang='lat' dir='ltr'>est,</span> 
     </span>
     <span class='ocr_line' id='line_1_29' title="bbox 168 3313 1102 3397; baseline 0.004 -24"><span class='ocrx_word' id='word_1_198' title='bbox 168 3332 245 3374; x_wconf 90' lang='lat' dir='ltr'>nam</span> <span class='ocrx_word' id='word_1_199' title='bbox 261 3334 281 3375; x_wconf 95' lang='lat' dir='ltr'>a</span> <span class='ocrx_word' id='word_1_200' title='bbox 294 3313 437 3377; x_wconf 90' lang='lat' dir='ltr'>Caecilio</span> <span class='ocrx_word' id='word_1_201' title='bbox 450 3314 623 3397; x_wconf 88' lang='lat' dir='ltr'>propinqui</span> <span class='ocrx_word' id='word_1_202' title='bbox 635 3316 760 3377; x_wconf 90' lang='lat' dir='ltr'>minore</span> <span class='ocrx_word' id='word_1_203' title='bbox 771 3317 956 3379; x_wconf 89' lang='lat' dir='ltr'>centesimis</span> <span class='ocrx_word' id='word_1_204' title='bbox 967 3336 1102 3378; x_wconf 90' lang='lat' dir='ltr'>numum</span> 
     </span>
     <span class='ocr_line' id='line_1_30' title="bbox 168 3417 1102 3498; baseline 0.004 -23"><span class='ocrx_word' id='word_1_205' title='bbox 168 3434 299 3478; x_wconf 89' lang='lat' dir='ltr'>movere</span> <span class='ocrx_word' id='word_1_206' title='bbox 314 3434 380 3479; x_wconf 91' lang='lat' dir='ltr'>non</span> <span class='ocrx_word' id='word_1_207' title='bbox 396 3425 542 3497; x_wconf 91' lang='lat' dir='ltr'>possunt.</span> <span class='ocrx_word' id='word_1_208' title='bbox 578 3417 646 3488; x_wconf 91' lang='lat' dir='ltr'>sed,</span> <span class='ocrx_word' id='word_1_209' title='bbox 663 3425 699 3479; x_wconf 90' lang='lat' dir='ltr'>ut</span> <span class='ocrx_word' id='word_1_210' title='bbox 713 3419 756 3480; x_wconf 87' lang='lat' dir='ltr'>ad</span> <span class='ocrx_word' id='word_1_211' title='bbox 772 3419 877 3498; x_wconf 89' lang='lat' dir='ltr'>prima</span> <span class='ocrx_word' id='word_1_212' title='bbox 892 3417 948 3481; x_wconf 78' lang='lat' dir='ltr'>illa</span> <span class='ocrx_word' id='word_1_213' title='bbox 960 3418 1102 3494; x_wconf 75' lang='lat' dir='ltr'>rededm,</span> 
     </span>
     <span class='ocr_line' id='line_1_31' title="bbox 168 3513 1102 3598; baseline 0.01 -24"><span class='ocrx_word' id='word_1_214' title='bbox 168 3513 248 3577; x_wconf 91' lang='lat' dir='ltr'>nihil</span> <span class='ocrx_word' id='word_1_215' title='bbox 278 3537 340 3597; x_wconf 86' lang='lat' dir='ltr'>ego</span> <span class='ocrx_word' id='word_1_216' title='bbox 369 3516 425 3580; x_wconf 86' lang='lat' dir='ltr'>illa</span> <span class='ocrx_word' id='word_1_217' title='bbox 450 3517 680 3598; x_wconf 89' lang='lat' dir='ltr'>impudentius,</span> <span class='ocrx_word' id='word_1_218' title='bbox 705 3518 852 3592; x_wconf 88' lang='lat' dir='ltr'>astutius,</span> <span class='ocrx_word' id='word_1_219' title='bbox 877 3517 995 3581; x_wconf 89' lang='lat' dir='ltr'>lentius</span> <span class='ocrx_word' id='word_1_220' title='bbox 1019 3521 1102 3583; x_wconf 93' lang='lat' dir='ltr'>vidi:</span> 
     </span>
     <span class='ocr_line' id='line_1_32' title="bbox 168 3615 1100 3703; baseline 0.005 -24"><span class='ocrx_word' id='word_1_221' title='bbox 168 3616 315 3681; x_wconf 80' lang='lat' dir='ltr'>libertum</span> <span class='ocrx_word' id='word_1_222' title='bbox 331 3620 443 3683; x_wconf 75' lang='lat' dir='ltr'>mitto:</span> <span class='ocrx_word' id='word_1_223' title='bbox 471 3620 501 3687; x_wconf 81' lang='grc' dir='ltr'>,Τ</span> <span class='ocrx_word' id='word_1_224' title='bbox 499 3620 542 3683; x_wconf 82' lang='lat' dir='ltr'>ito</span> <span class='ocrx_word' id='word_1_225' title='bbox 558 3619 716 3682; x_wconf 67' lang='lat' dir='ltr'>brandani</span> <span class='ocrx_word' id='word_1_226' title='bbox 724 3641 736 3681; x_wconf 90' lang='lat'>.·</span> <span class='ocrx_word' id='word_1_227' title='bbox 759 3615 897 3703; x_wconf 64' lang='grc' dir='ltr'>σκήψεις</span> <span class='ocrx_word' id='word_1_228' title='bbox 912 3629 1012 3701; x_wconf 90' lang='lat' dir='ltr'>atque</span> <span class='ocrx_word' id='word_1_229' title='bbox 1027 3617 1100 3684; x_wconf 76' lang='lat' dir='ltr'>dvo-</span> 
     </span>
    </p>

    <p class='ocr_par' dir='ltr' id='par_1_8' title="bbox 935 3736 1019 3803">
     <span class='ocr_line' id='line_1_33' title="bbox 935 3736 1019 3803; baseline 0 -18"><span class='ocrx_word' id='word_1_230' title='bbox 935 3736 1019 3803; x_wconf 80' lang='lat'>3-2</span> 
     </span>
    </p>
   </div>
   <div class='ocr_carea' id='block_1_8' title="bbox 0 0 1378 4144">
    <p class='ocr_par' dir='ltr' id='par_1_9' title="bbox 0 0 1378 4144">
     <span class='ocr_line' id='line_1_34' title="bbox 0 0 1378 4144; baseline 0 0"><span class='ocrx_word' id='word_1_231' title='bbox 0 0 1378 4144; x_wconf 95' lang='lat' dir='ltr'> </span> 
     </span>
    </p>
   </div>
  </div>
 </body>
</html>
