2748 4144
469 251 545 310 Llll.
562 252 585 309 Ι.
610 252 667 310 ΕΡ.
688 240 731 310 ro.

584 473 627 537 Χ.

189 616 242 700 (In
271 616 452 682 Tusculano.
500 619 625 698 Pisone,
652 618 823 683 Glabrione
842 641 913 682 coss.
936 618 1019 702 687.)

426 770 564 837 C1cano
585 770 728 834 Aunco
751 770 785 835 S.

157 921 158 925 ’
205 937 228 984 1.
273 920 385 1003 Quum
412 942 517 986 essem
544 923 576 984 in
603 922 895 986 Tusculano-erit
924 920 988 986 hoc
1012 923 1072 985 tibi

136 1043 196 1104 pro
211 1023 266 1086 illo
282 1033 340 1086 tuo
355 1044 452 1104 quum
467 1044 562 1086 essem
581 1023 615 1086 in
632 1021 945 1089 Ceramni-verum
961 1032 1073 1086 tamen

136 1147 239 1208 quum
264 1127 309 1189 ibi
334 1147 448 1202 essem,
472 1126 581 1189 Roma
604 1147 685 1208 puer
706 1146 726 1188 a
746 1146 856 1188 sorore
876 1134 933 1187 tua
955 1125 1073 1188 missus

136 1226 308 1309 epistolam
331 1227 409 1291 mihi
429 1227 489 1290 abs
509 1237 543 1290 te
565 1227 712 1290 adlatam
732 1227 823 1290 dedit
841 1227 1072 1308 nunciavitque

136 1346 175 1389 eo
196 1327 267 1408 ipso
288 1327 341 1388 die
362 1336 437 1407 post
458 1327 628 1390 meridiem
649 1318 770 1390 iturum
792 1327 875 1405 eum,
897 1329 954 1409 qui
974 1327 1017 1390 ad
1040 1337 1073 1391 te

136 1426 400 1508 proficisceretur.
445 1446 484 1489 eo
514 1426 637 1490 factum
664 1436 723 1502 est,
750 1436 787 1489 ut
811 1426 970 1508 epistolae
995 1435 1073 1489 tuae

137 1524 344 1587 rescriberem
365 1523 498 1606 aliquid,
516 1524 677 1587 brevitate
697 1525 855 1606 temporis
875 1532 944 1586 tam
968 1544 1073 1605 pauca

136 1646 269 1709 cogerer
289 1626 437 1690 scribere.
482 1641 509 1689 2.
532 1627 675 1708 primum
697 1627 756 1690 tibi
773 1626 815 1689 de
833 1635 945 1689 nostro
966 1627 1071 1688 amico

113 1723 115 1727 ’
136 1726 297 1808 placando
307 1736 363 1790 aut
373 1727 471 1790 etiam
481 1727 580 1809 plane
590 1729 791 1792 restituendo
800 1727 962 1809 polliceor.
983 1729 1072 1808 quod

136 1850 199 1912 ego
214 1829 275 1892 etsi
291 1848 366 1891 mea
380 1838 499 1910 sponte
518 1839 596 1892 ante
616 1829 786 1905 faciebam,
803 1853 842 1894 eo
858 1851 946 1895 nunc
960 1842 1072 1895 tamen

137 1942 170 1994 et
185 1951 280 2012 agam
298 1931 474 1994 studiosius
495 1940 528 1994 et
550 1933 747 1995 contendam
768 1933 811 1995 ab
827 1933 882 1995 illo
897 1934 1072 1997 vehemen-

136 2034 211 2105 tius,
233 2033 323 2114 quod
344 2042 472 2097 tantam
495 2056 538 2098 ex
559 2034 699 2117 epistola
718 2035 922 2098 voluntatem
942 2037 1010 2099 eius
1025 2037 1069 2099 rei

137 2144 228 2197 tuam
257 2136 439 2217 perspicere
464 2136 584 2201 videor.
627 2135 690 2199 hoc
719 2147 753 2200 te
782 2138 963 2221 intelligere
989 2139 1071 2214 volO,

137 2239 336 2319 pergraviter
359 2237 450 2299 illum
477 2260 547 2302 esse
574 2238 744 2314 offensum,
768 2239 826 2302 sed
850 2241 926 2322 quia
949 2241 1071 2303 nullam

136 2339 233 2401 video
247 2359 379 2420 gravem
395 2341 527 2403 subesse
543 2361 675 2403 causam
693 2360 814 2423 magno
829 2361 927 2422 opere
944 2342 1072 2404 confido

137 2440 230 2503 illum
246 2440 314 2503 lore
330 2441 362 2502 in
378 2441 483 2504 officio
495 2440 573 2505 etin
586 2452 698 2505 nostra
711 2451 881 2523 potestate.
922 2458 948 2520 3.
980 2445 1072 2525 signa

138 2551 250 2609 nostra
276 2551 309 2605 et
337 2542 574 2616 Hermeraclas,
598 2554 635 2606 ut
658 2544 779 2619 scribis,
802 2564 904 2624 quum
928 2563 1073 2605 commo·

139 2644 272 2708 dissime
299 2646 429 2725 poteris,
452 2645 550 2708 velim
574 2646 733 2727 imponas,
761 2645 843 2708 etsi
866 2645 956 2727 quod
983 2646 1071 2709 aliud

138 2743 251 2808 οἰκεῖον
276 2745 345 2806 eius
368 2744 439 2819 loci,
469 2767 569 2827 quem
599 2767 665 2809 non
695 2748 834 2829 ignoras,
864 2747 1012 2828 reperies,
1040 2758 1074 2809 et

138 2844 285 2908 maxime
300 2865 385 2927 quae
399 2846 459 2908 tibi
475 2846 658 2928 palaestrae
672 2848 902 2929 gymnasiique
917 2845 1074 2908 videbun-

138 2956 191 3009 tur
214 2967 291 3010 esse.
337 2948 458 3010 etenim
474 2948 519 3010 ibi
536 2947 655 3011 sedens
669 2950 751 3012 haec
766 2948 809 3011 ad
824 2957 858 3010 te
878 2948 1072 3021 scribebam,

138 3056 175 3109 ut
190 3066 244 3108 me
263 3047 354 3110 locus
375 3048 446 3129 ipse
466 3048 664 3112 admoneret.
709 3058 879 3131 praeterea
893 3057 992 3130 typos
1014 3049 1072 3110 tibi

139 3148 269 3223 mand0,
286 3170 369 3230 quos
389 3151 421 3212 in
436 3152 575 3214 tectorio
590 3151 696 3214 atrioli
711 3153 835 3233 possim
851 3150 1023 3224 includere,
1040 3159 1072 3211 et

52 3302 55 3311 .
138 3251 282 3333 putealia
304 3250 447 3334 sigillata
469 3253 543 3317 duo.
580 3252 867 3332 4bibliothecam
887 3260 978 3314 tuam
995 3272 1073 3313 cave

138 3352 291 3433 cuiquam
321 3352 536 3433 despondeas,
566 3354 733 3434 quamvis¹
750 3371 859 3414 acrem
892 3360 1072 3414 amatorem

52 3530 56 3553 Ι
138 3457 313 3519 inveneris:
343 3476 420 3518 nam
445 3476 507 3538 ego
531 3474 646 3518 omnes
677 3475 767 3517 meas
789 3452 1004 3517 vindemiolas
1034 3473 1073 3514 eo

52 3598 56 3639 2
138 3579 276 3634 reservo,
289 3567 326 3621 ut
346 3557 425 3620 illud
442 3557 624 3620 subsidium
639 3557 800 3620 senectuti
822 3575 962 3638 parem·
982 3568 1008 3632 5.
1032 3554 1073 3617 de

53 3654 56 3677 ²
138 3662 238 3725 fratre
252 3662 382 3727 confido
397 3661 443 3725 ita
458 3682 538 3738 esse,
555 3669 591 3725 ut
606 3681 736 3743 semper
749 3660 837 3726 volui
854 3668 887 3723 et
903 3657 1073 3721 elaboravi.

225 3778 252 3827 1’⁴
267 3777 296 3829 C.
763 3799 767 3808 ·
967 3772 989 3843 3
