<?xml version="1.0" encoding="UTF-8"?>
<!DOCTYPE html PUBLIC "-//W3C//DTD XHTML 1.0 Transitional//EN"
    "http://www.w3.org/TR/xhtml1/DTD/xhtml1-transitional.dtd">
<html xmlns="http://www.w3.org/1999/xhtml" xml:lang="en" lang="en">
 <head>
  <title>
</title>
<meta http-equiv="Content-Type" content="text/html;charset=utf-8" />
  <meta name='ocr-system' content='tesseract 3.04.00' />
  <meta name='ocr-capabilities' content='ocr_page ocr_carea ocr_par ocr_line ocrx_word'/>
</head>
<body>
  <div class='ocr_page' id='page_1' title='image "./lettersciceroto00pretgoog/lettersciceroto00pretgoog_0046.png"; bbox 0 0 2748 4144; ppageno 0'>
   <div class='ocr_carea' id='block_1_1' title="bbox 444 274 1102 355">
    <p class='ocr_par' dir='ltr' id='par_1_1' title="bbox 444 274 1102 355">
     <span class='ocr_line' id='line_1_1' title="bbox 444 274 1102 355; baseline 0.009 -22"><span class='ocrx_word' id='word_1_1' title='bbox 444 274 519 334; x_wconf 88' lang='lat' dir='ltr'><strong>LIB.</strong></span> <span class='ocrx_word' id='word_1_2' title='bbox 537 276 561 335; x_wconf 94' lang='lat' dir='ltr'>I.</span> <span class='ocrx_word' id='word_1_3' title='bbox 584 277 642 337; x_wconf 87' lang='grc' dir='ltr'>ΕΡ.</span> <span class='ocrx_word' id='word_1_4' title='bbox 661 295 706 350; x_wconf 81' lang='lat'>12,</span> <span class='ocrx_word' id='word_1_5' title='bbox 725 297 768 353; x_wconf 85' lang='lat'>13.</span> <span class='ocrx_word' id='word_1_6' title='bbox 1068 295 1102 355; x_wconf 84' lang='lat'>15</span> 
     </span>
    </p>
   </div>
   <div class='ocr_carea' id='block_1_2' title="bbox 163 425 1101 591">
    <p class='ocr_par' dir='ltr' id='par_1_2' title="bbox 163 425 1101 591">
     <span class='ocr_line' id='line_1_2' title="bbox 163 425 1101 494; baseline 0.004 -4"><span class='ocrx_word' id='word_1_7' title='bbox 163 447 237 490; x_wconf 90' lang='lat' dir='ltr'>cam</span> <span class='ocrx_word' id='word_1_8' title='bbox 250 425 375 489; x_wconf 90' lang='lat' dir='ltr'>venerit</span> <span class='ocrx_word' id='word_1_9' title='bbox 393 426 532 491; x_wconf 87' lang='lat' dir='ltr'>scribito.</span> <span class='ocrx_word' id='word_1_10' title='bbox 577 426 653 491; x_wconf 88' lang='lat' dir='ltr'>Kal.</span> <span class='ocrx_word' id='word_1_11' title='bbox 675 427 802 492; x_wconf 82' lang='lat' dir='ltr'><strong>Ianuar.</strong></span> <span class='ocrx_word' id='word_1_12' title='bbox 822 428 867 493; x_wconf 93' lang='lat' dir='ltr'>M.</span> <span class='ocrx_word' id='word_1_13' title='bbox 889 429 1033 494; x_wconf 82' lang='lat' dir='ltr'>Messala</span> <span class='ocrx_word' id='word_1_14' title='bbox 1056 429 1101 494; x_wconf 78' lang='lat' dir='ltr'>M</span> 
     </span>
     <span class='ocr_line' id='line_1_3' title="bbox 164 528 379 591; baseline 0.005 -1"><span class='ocrx_word' id='word_1_15' title='bbox 164 528 282 591; x_wconf 84' lang='lat' dir='ltr'>Pisone</span> <span class='ocrx_word' id='word_1_16' title='bbox 296 548 379 591; x_wconf 88' lang='lat' dir='ltr'>coss.</span> 
     </span>
    </p>
   </div>
   <div class='ocr_carea' id='block_1_3' title="bbox 293 744 969 960">
    <p class='ocr_par' dir='ltr' id='par_1_3' title="bbox 293 744 969 960">
     <span class='ocr_line' id='line_1_4' title="bbox 582 744 681 809; baseline 0.02 -2"><span class='ocrx_word' id='word_1_17' title='bbox 582 744 681 809; x_wconf 86' lang='lat' dir='ltr'><strong>XIII.</strong></span> 
     </span>
     <span class='ocr_line' id='line_1_5' title="bbox 293 873 969 960; baseline 0.001 -22"><span class='ocrx_word' id='word_1_18' title='bbox 293 876 432 960; x_wconf 80' lang='lat' dir='ltr'>(Romae.</span> <span class='ocrx_word' id='word_1_19' title='bbox 474 873 628 949; x_wconf 82' lang='lat' dir='ltr'><em>Messala,</em></span> <span class='ocrx_word' id='word_1_20' title='bbox 650 875 770 940; x_wconf 77' lang='lat' dir='ltr'>Pisone</span> <span class='ocrx_word' id='word_1_21' title='bbox 787 896 862 940; x_wconf 50' lang='lat' dir='ltr'>cossa</span> <span class='ocrx_word' id='word_1_22' title='bbox 884 876 969 958; x_wconf 85' lang='lat'><strong>693.)</strong></span> 
     </span>
    </p>
   </div>
   <div class='ocr_carea' id='block_1_4' title="bbox 451 1010 812 1076">
    <p class='ocr_par' dir='ltr' id='par_1_4' title="bbox 451 1010 812 1076">
     <span class='ocr_line' id='line_1_6' title="bbox 451 1010 812 1076; baseline -0.003 0"><span class='ocrx_word' id='word_1_23' title='bbox 451 1011 590 1076; x_wconf 78' lang='lat' dir='ltr'>Crcuuo</span> <span class='ocrx_word' id='word_1_24' title='bbox 611 1010 753 1074; x_wconf 80' lang='lat' dir='ltr'>Arrrco</span> <span class='ocrx_word' id='word_1_25' title='bbox 777 1010 812 1075; x_wconf 90' lang='lat' dir='ltr'>S.</span> 
     </span>
    </p>
   </div>
   <div class='ocr_carea' id='block_1_5' title="bbox 159 1147 1100 2350">
    <p class='ocr_par' dir='ltr' id='par_1_5' title="bbox 159 1147 1100 2350">
     <span class='ocr_line' id='line_1_7' title="bbox 231 1147 1096 1231; baseline 0 -19"><span class='ocrx_word' id='word_1_26' title='bbox 231 1167 254 1213; x_wconf 92' lang='lat'>1.</span> <span class='ocrx_word' id='word_1_27' title='bbox 298 1147 423 1231; x_wconf 86' lang='lat' dir='ltr'><strong>Accepi</strong></span> <span class='ocrx_word' id='word_1_28' title='bbox 438 1157 512 1211; x_wconf 90' lang='lat' dir='ltr'>tuas</span> <span class='ocrx_word' id='word_1_29' title='bbox 530 1156 595 1211; x_wconf 89' lang='lat' dir='ltr'>tres</span> <span class='ocrx_word' id='word_1_30' title='bbox 613 1147 679 1210; x_wconf 91' lang='lat' dir='ltr'>iam</span> <span class='ocrx_word' id='word_1_31' title='bbox 700 1147 874 1230; x_wconf 87' lang='lat' dir='ltr'>epistolas:</span> <span class='ocrx_word' id='word_1_32' title='bbox 897 1168 996 1210; x_wconf 89' lang='lat' dir='ltr'>unam</span> <span class='ocrx_word' id='word_1_33' title='bbox 1014 1170 1034 1210; x_wconf 94' lang='lat' dir='ltr'>a</span> <span class='ocrx_word' id='word_1_34' title='bbox 1051 1149 1096 1212; x_wconf 88' lang='lat' dir='ltr'>M.</span> 
     </span>
     <span class='ocr_line' id='line_1_8' title="bbox 166 1249 1098 1333; baseline -0.001 -18"><span class='ocrx_word' id='word_1_35' title='bbox 166 1250 323 1325; x_wconf 90' lang='lat' dir='ltr'>Cornelio,</span> <span class='ocrx_word' id='word_1_36' title='bbox 329 1271 428 1333; x_wconf 91' lang='lat' dir='ltr'>quam</span> <span class='ocrx_word' id='word_1_37' title='bbox 439 1249 557 1312; x_wconf 88' lang='lat' dir='ltr'>Tribus</span> <span class='ocrx_word' id='word_1_38' title='bbox 566 1249 733 1326; x_wconf 84' lang='lat' dir='ltr'>Tabernis,</span> <span class='ocrx_word' id='word_1_39' title='bbox 744 1260 780 1314; x_wconf 91' lang='lat' dir='ltr'>ut</span> <span class='ocrx_word' id='word_1_40' title='bbox 789 1252 912 1332; x_wconf 88' lang='lat' dir='ltr'>opinor,</span> <span class='ocrx_word' id='word_1_41' title='bbox 923 1251 952 1313; x_wconf 90' lang='lat' dir='ltr'>ei</span> <span class='ocrx_word' id='word_1_42' title='bbox 964 1251 1098 1315; x_wconf 90' lang='lat' dir='ltr'>dedisti:</span> 
     </span>
     <span class='ocr_line' id='line_1_9' title="bbox 162 1351 1097 1435; baseline 0.004 -21"><span class='ocrx_word' id='word_1_43' title='bbox 162 1352 308 1427; x_wconf 89' lang='lat' dir='ltr'>alteram,</span> <span class='ocrx_word' id='word_1_44' title='bbox 314 1373 419 1434; x_wconf 85' lang='lat' dir='ltr'>quam</span> <span class='ocrx_word' id='word_1_45' title='bbox 434 1352 513 1414; x_wconf 91' lang='lat' dir='ltr'>mihi</span> <span class='ocrx_word' id='word_1_46' title='bbox 524 1351 707 1415; x_wconf 87' lang='lat' dir='ltr'>Canusinus</span> <span class='ocrx_word' id='word_1_47' title='bbox 721 1362 797 1417; x_wconf 91' lang='lat' dir='ltr'>tuus</span> <span class='ocrx_word' id='word_1_48' title='bbox 812 1353 931 1435; x_wconf 87' lang='lat' dir='ltr'>hospes</span> <span class='ocrx_word' id='word_1_49' title='bbox 943 1353 1097 1418; x_wconf 86' lang='lat' dir='ltr'>reddidit:</span> 
     </span>
     <span class='ocr_line' id='line_1_10' title="bbox 162 1454 1096 1537; baseline 0.002 -21"><span class='ocrx_word' id='word_1_50' title='bbox 162 1456 301 1530; x_wconf 88' lang='lat' dir='ltr'>tertiam,</span> <span class='ocrx_word' id='word_1_51' title='bbox 313 1475 422 1535; x_wconf 89' lang='lat' dir='ltr'>quam,</span> <span class='ocrx_word' id='word_1_52' title='bbox 436 1463 472 1516; x_wconf 91' lang='lat' dir='ltr'>ut</span> <span class='ocrx_word' id='word_1_53' title='bbox 483 1454 605 1531; x_wconf 84' lang='lat' dir='ltr'>scribis,</span> <span class='ocrx_word' id='word_1_54' title='bbox 617 1455 743 1517; x_wconf 87' lang='lat' dir='ltr'>ancoris</span> <span class='ocrx_word' id='word_1_55' title='bbox 758 1454 894 1516; x_wconf 90' lang='lat' dir='ltr'>sublatis</span> <span class='ocrx_word' id='word_1_56' title='bbox 906 1454 949 1517; x_wconf 91' lang='lat' dir='ltr'>de</span> <span class='ocrx_word' id='word_1_57' title='bbox 959 1455 1096 1537; x_wconf 89' lang='lat' dir='ltr'>phaselo</span> 
     </span>
     <span class='ocr_line' id='line_1_11' title="bbox 159 1542 1096 1639; baseline 0.003 -23"><span class='ocrx_word' id='word_1_58' title='bbox 159 1555 297 1619; x_wconf 91' lang='lat' dir='ltr'>dedisti:</span> <span class='ocrx_word' id='word_1_59' title='bbox 312 1576 397 1637; x_wconf 91' lang='lat' dir='ltr'>quae</span> <span class='ocrx_word' id='word_1_60' title='bbox 417 1555 547 1618; x_wconf 87' lang='lat' dir='ltr'>fuerunt</span> <span class='ocrx_word' id='word_1_61' title='bbox 565 1575 680 1618; x_wconf 91' lang='lat' dir='ltr'>omnes</span> <span class='ocrx_word' id='word_1_62' title='bbox 698 1560 717 1621; x_wconf 87' lang='lat'>†</span> <span class='ocrx_word' id='word_1_63' title='bbox 735 1555 909 1620; x_wconf 88' lang='lat' dir='ltr'>rhetorum.</span> <span class='ocrx_word' id='word_1_64' title='bbox 953 1577 1033 1639; x_wconf 91' lang='lat' dir='ltr'>pure</span> <span class='ocrx_word' id='word_1_65' title='bbox 1048 1542 1096 1619; x_wconf 63' lang='lat' dir='ltr'>loss</span> 
     </span>
     <span class='ocr_line' id='line_1_12' title="bbox 161 1655 1095 1740; baseline -0.002 -19"><span class='ocrx_word' id='word_1_66' title='bbox 161 1667 422 1740; x_wconf 89' lang='lat' dir='ltr'>quuntur‚quum</span> <span class='ocrx_word' id='word_1_67' title='bbox 432 1656 644 1719; x_wconf 88' lang='lat' dir='ltr'>humanitatis</span> <span class='ocrx_word' id='word_1_68' title='bbox 654 1676 785 1738; x_wconf 89' lang='lat' dir='ltr'>sparsae</span> <span class='ocrx_word' id='word_1_69' title='bbox 794 1655 862 1719; x_wconf 91' lang='lat' dir='ltr'>sale</span> <span class='ocrx_word' id='word_1_70' title='bbox 871 1664 942 1719; x_wconf 94' lang='lat' dir='ltr'>tum</span> <span class='ocrx_word' id='word_1_71' title='bbox 953 1657 1095 1738; x_wconf 87' lang='lat' dir='ltr'>insignes</span> 
     </span>
     <span class='ocr_line' id='line_1_13' title="bbox 161 1758 1095 1840; baseline 0.001 -18"><span class='ocrx_word' id='word_1_72' title='bbox 161 1761 281 1823; x_wconf 90' lang='lat' dir='ltr'>amoris</span> <span class='ocrx_word' id='word_1_73' title='bbox 296 1759 390 1823; x_wconf 89' lang='lat' dir='ltr'>notis.</span> <span class='ocrx_word' id='word_1_74' title='bbox 434 1758 551 1840; x_wconf 91' lang='lat' dir='ltr'>quibus</span> <span class='ocrx_word' id='word_1_75' title='bbox 566 1758 711 1840; x_wconf 90' lang='lat' dir='ltr'>epistolis</span> <span class='ocrx_word' id='word_1_76' title='bbox 726 1778 798 1821; x_wconf 89' lang='lat' dir='ltr'>sum</span> <span class='ocrx_word' id='word_1_77' title='bbox 814 1758 967 1840; x_wconf 89' lang='lat' dir='ltr'>equidem</span> <span class='ocrx_word' id='word_1_78' title='bbox 987 1758 1046 1821; x_wconf 91' lang='lat' dir='ltr'>abs</span> <span class='ocrx_word' id='word_1_79' title='bbox 1061 1767 1095 1823; x_wconf 93' lang='lat' dir='ltr'>te</span> 
     </span>
     <span class='ocr_line' id='line_1_14' title="bbox 162 1860 1100 1935; baseline -0.001 -11"><span class='ocrx_word' id='word_1_80' title='bbox 162 1863 329 1926; x_wconf 91' lang='lat' dir='ltr'>lacessitus</span> <span class='ocrx_word' id='word_1_81' title='bbox 351 1861 394 1924; x_wconf 91' lang='lat' dir='ltr'>ad</span> <span class='ocrx_word' id='word_1_82' title='bbox 416 1860 633 1935; x_wconf 86' lang='lat' dir='ltr'>scribendum,</span> <span class='ocrx_word' id='word_1_83' title='bbox 656 1861 713 1922; x_wconf 95' lang='lat' dir='ltr'>sed</span> <span class='ocrx_word' id='word_1_84' title='bbox 737 1860 856 1922; x_wconf 91' lang='lat' dir='ltr'>idcirco</span> <span class='ocrx_word' id='word_1_85' title='bbox 871 1879 944 1924; x_wconf 91' lang='lat' dir='ltr'>sum</span> <span class='ocrx_word' id='word_1_86' title='bbox 962 1860 1100 1935; x_wconf 69' lang='lat' dir='ltr'>tardior,</span> 
     </span>
     <span class='ocr_line' id='line_1_15' title="bbox 161 1962 1093 2045; baseline -0.002 -19"><span class='ocrx_word' id='word_1_87' title='bbox 161 1964 250 2045; x_wconf 91' lang='lat' dir='ltr'>quod</span> <span class='ocrx_word' id='word_1_88' title='bbox 263 1983 328 2026; x_wconf 90' lang='lat' dir='ltr'>non</span> <span class='ocrx_word' id='word_1_89' title='bbox 338 1964 467 2026; x_wconf 87' lang='lat' dir='ltr'>invenio</span> <span class='ocrx_word' id='word_1_90' title='bbox 478 1962 610 2025; x_wconf 89' lang='lat' dir='ltr'>fidelem</span> <span class='ocrx_word' id='word_1_91' title='bbox 625 1962 838 2027; x_wconf 85' lang='lat' dir='ltr'>tabellarium.</span> <span class='ocrx_word' id='word_1_92' title='bbox 870 1971 990 2044; x_wconf 91' lang='lat' dir='ltr'>quotus</span> <span class='ocrx_word' id='word_1_93' title='bbox 1006 1964 1093 2026; x_wconf 90' lang='lat' dir='ltr'>enim</span> 
     </span>
     <span class='ocr_line' id='line_1_16' title="bbox 161 2064 1094 2148; baseline 0 -20"><span class='ocrx_word' id='word_1_94' title='bbox 161 2066 299 2148; x_wconf 89' lang='lat' dir='ltr'>quisque</span> <span class='ocrx_word' id='word_1_95' title='bbox 325 2064 453 2147; x_wconf 90' lang='lat' dir='ltr'>estqui</span> <span class='ocrx_word' id='word_1_96' title='bbox 477 2065 651 2145; x_wconf 89' lang='lat' dir='ltr'>epistolam</span> <span class='ocrx_word' id='word_1_97' title='bbox 674 2064 786 2146; x_wconf 91' lang='lat' dir='ltr'>paullo</span> <span class='ocrx_word' id='word_1_98' title='bbox 806 2066 988 2146; x_wconf 84' lang='lat' dir='ltr'>graviorem</span> <span class='ocrx_word' id='word_1_99' title='bbox 1011 2064 1094 2128; x_wconf 85' lang='lat' dir='ltr'>ferre</span> 
     </span>
     <span class='ocr_line' id='line_1_17' title="bbox 161 2165 1091 2249; baseline 0.001 -20"><span class='ocrx_word' id='word_1_100' title='bbox 161 2169 273 2247; x_wconf 89' lang='lat' dir='ltr'>possit,</span> <span class='ocrx_word' id='word_1_101' title='bbox 289 2168 350 2230; x_wconf 90' lang='lat' dir='ltr'>nisi</span> <span class='ocrx_word' id='word_1_102' title='bbox 375 2188 448 2231; x_wconf 89' lang='lat' dir='ltr'>earn</span> <span class='ocrx_word' id='word_1_103' title='bbox 468 2166 663 2249; x_wconf 85' lang='lat' dir='ltr'>pellectione</span> <span class='ocrx_word' id='word_1_104' title='bbox 682 2166 853 2229; x_wconf 88' lang='lat' dir='ltr'>relevarit?</span> <span class='ocrx_word' id='word_1_105' title='bbox 897 2168 1023 2230; x_wconf 91' lang='lat' dir='ltr'>accedit</span> <span class='ocrx_word' id='word_1_106' title='bbox 1043 2165 1091 2243; x_wconf 84' lang='lat' dir='ltr'>eo,</span> 
     </span>
     <span class='ocr_line' id='line_1_18' title="bbox 160 2262 1092 2350; baseline 0 -19"><span class='ocrx_word' id='word_1_107' title='bbox 160 2269 250 2350; x_wconf 92' lang='lat' dir='ltr'>quod</span> <span class='ocrx_word' id='word_1_108' title='bbox 277 2270 356 2331; x_wconf 88' lang='lat' dir='ltr'>mihi</span> <span class='ocrx_word' id='word_1_109' title='bbox 380 2287 445 2330; x_wconf 91' lang='lat' dir='ltr'>non</span> <span class='ocrx_word' id='word_1_110' title='bbox 469 2315 568 2332; x_wconf 89' lang='grc'><strong>.....</strong></span> <span class='ocrx_word' id='word_1_111' title='bbox 591 2279 649 2344; x_wconf 88' lang='lat' dir='ltr'>est,</span> <span class='ocrx_word' id='word_1_112' title='bbox 676 2268 873 2349; x_wconf 89' lang='lat' dir='ltr'>utquisque</span> <span class='ocrx_word' id='word_1_113' title='bbox 899 2267 931 2329; x_wconf 92' lang='lat' dir='ltr'>in</span> <span class='ocrx_word' id='word_1_114' title='bbox 956 2262 1092 2350; x_wconf 85' lang='lat' dir='ltr'>Epirum</span> 
     </span>
    </p>
   </div>
   <div class='ocr_carea' id='block_1_6' title="bbox 62 2369 1091 2453">
    <p class='ocr_par' dir='ltr' id='par_1_6' title="bbox 62 2369 1091 2453">
     <span class='ocr_line' id='line_1_19' title="bbox 62 2369 1091 2453; baseline -0.004 -20"><span class='ocrx_word' id='word_1_115' title='bbox 62 2412 66 2421; x_wconf 88' lang='lat'><em>-</em></span> <span class='ocrx_word' id='word_1_116' title='bbox 160 2370 380 2453; x_wconf 87' lang='lat' dir='ltr'>proficiscitur.</span> <span class='ocrx_word' id='word_1_117' title='bbox 426 2371 599 2452; x_wconf 84' lang='lat' dir='ltr'>egoenim</span> <span class='ocrx_word' id='word_1_118' title='bbox 627 2378 662 2433; x_wconf 90' lang='lat' dir='ltr'>te</span> <span class='ocrx_word' id='word_1_119' title='bbox 692 2370 838 2444; x_wconf 89' lang='lat' dir='ltr'>arbitror,</span> <span class='ocrx_word' id='word_1_120' title='bbox 869 2369 971 2431; x_wconf 88' lang='lat' dir='ltr'>caesis</span> <span class='ocrx_word' id='word_1_121' title='bbox 1003 2370 1091 2448; x_wconf 88' lang='lat' dir='ltr'>apud</span> 
     </span>
    </p>
   </div>
   <div class='ocr_carea' id='block_1_7' title="bbox 159 2468 1101 3763">
    <p class='ocr_par' dir='ltr' id='par_1_7' title="bbox 159 2468 1101 3763">
     <span class='ocr_line' id='line_1_20' title="bbox 160 2468 1092 2549; baseline -0.006 -13"><span class='ocrx_word' id='word_1_122' title='bbox 160 2473 374 2536; x_wconf 87' lang='lat' dir='ltr'>Amaltheam</span> <span class='ocrx_word' id='word_1_123' title='bbox 389 2481 481 2535; x_wconf 91' lang='lat' dir='ltr'>tuam</span> <span class='ocrx_word' id='word_1_124' title='bbox 496 2472 644 2548; x_wconf 79' lang='lat' dir='ltr'>victImis,</span> <span class='ocrx_word' id='word_1_125' title='bbox 655 2471 766 2533; x_wconf 90' lang='lat' dir='ltr'>statim</span> <span class='ocrx_word' id='word_1_126' title='bbox 778 2490 848 2532; x_wconf 87' lang='lat' dir='ltr'>esse</span> <span class='ocrx_word' id='word_1_127' title='bbox 859 2469 902 2531; x_wconf 92' lang='lat' dir='ltr'>ad</span> <span class='ocrx_word' id='word_1_128' title='bbox 916 2468 1092 2549; x_wconf 86' lang='lat' dir='ltr'>Sicyonem</span> 
     </span>
     <span class='ocr_line' id='line_1_21' title="bbox 160 2570 1092 2657; baseline -0.005 -20"><span class='ocrx_word' id='word_1_129' title='bbox 160 2575 419 2657; x_wconf 86' lang='lat' dir='ltr'>oppugnandum</span> <span class='ocrx_word' id='word_1_130' title='bbox 439 2573 632 2656; x_wconf 80' lang='lat' dir='ltr'>profectum.</span> <span class='ocrx_word' id='word_1_131' title='bbox 675 2592 781 2654; x_wconf 92' lang='lat' dir='ltr'>neque</span> <span class='ocrx_word' id='word_1_132' title='bbox 801 2581 912 2634; x_wconf 91' lang='lat' dir='ltr'>tamen</span> <span class='ocrx_word' id='word_1_133' title='bbox 933 2570 966 2632; x_wconf 92' lang='lat' dir='ltr'>id</span> <span class='ocrx_word' id='word_1_134' title='bbox 984 2570 1092 2652; x_wconf 89' lang='lat' dir='ltr'>ipsum</span> 
     </span>
     <span class='ocr_line' id='line_1_22' title="bbox 160 2673 1092 2759; baseline -0.005 -19"><span class='ocrx_word' id='word_1_135' title='bbox 160 2689 284 2741; x_wconf 87' lang='lat' dir='ltr'>certum</span> <span class='ocrx_word' id='word_1_136' title='bbox 300 2677 407 2740; x_wconf 89' lang='lat' dir='ltr'>habeo</span> <span class='ocrx_word' id='word_1_137' title='bbox 422 2677 554 2759; x_wconf 91' lang='lat' dir='ltr'>quando</span> <span class='ocrx_word' id='word_1_138' title='bbox 570 2675 613 2738; x_wconf 94' lang='lat' dir='ltr'>ad</span> <span class='ocrx_word' id='word_1_139' title='bbox 625 2674 808 2737; x_wconf 90' lang='lat' dir='ltr'>Antonium</span> <span class='ocrx_word' id='word_1_140' title='bbox 820 2673 1024 2756; x_wconf 86' lang='lat' dir='ltr'>proficiscare</span> <span class='ocrx_word' id='word_1_141' title='bbox 1035 2680 1092 2736; x_wconf 90' lang='lat' dir='ltr'>aut</span> 
     </span>
     <span class='ocr_line' id='line_1_23' title="bbox 161 2775 1092 2862; baseline -0.005 -20"><span class='ocrx_word' id='word_1_142' title='bbox 161 2781 239 2862; x_wconf 90' lang='lat' dir='ltr'>quid</span> <span class='ocrx_word' id='word_1_143' title='bbox 255 2782 288 2843; x_wconf 89' lang='lat' dir='ltr'>in</span> <span class='ocrx_word' id='word_1_144' title='bbox 305 2780 405 2862; x_wconf 91' lang='lat' dir='ltr'>Epiro</span> <span class='ocrx_word' id='word_1_145' title='bbox 420 2780 577 2860; x_wconf 89' lang='lat' dir='ltr'>temporis</span> <span class='ocrx_word' id='word_1_146' title='bbox 597 2798 708 2860; x_wconf 92' lang='lat' dir='ltr'>ponas.</span> <span class='ocrx_word' id='word_1_147' title='bbox 754 2776 800 2839; x_wconf 91' lang='lat' dir='ltr'>ita</span> <span class='ocrx_word' id='word_1_148' title='bbox 815 2796 922 2858; x_wconf 87' lang='lat' dir='ltr'>neque</span> <span class='ocrx_word' id='word_1_149' title='bbox 937 2775 1092 2838; x_wconf 89' lang='lat' dir='ltr'>Achaicis</span> 
     </span>
     <span class='ocr_line' id='line_1_24' title="bbox 160 2878 1092 2963; baseline -0.005 -18"><span class='ocrx_word' id='word_1_150' title='bbox 160 2882 345 2945; x_wconf 89' lang='lat' dir='ltr'>hominibus</span> <span class='ocrx_word' id='word_1_151' title='bbox 360 2901 466 2963; x_wconf 91' lang='lat' dir='ltr'>neque</span> <span class='ocrx_word' id='word_1_152' title='bbox 482 2880 655 2962; x_wconf 88' lang='lat' dir='ltr'>Epiroticis</span> <span class='ocrx_word' id='word_1_153' title='bbox 671 2879 781 2960; x_wconf 92' lang='lat' dir='ltr'>paullo</span> <span class='ocrx_word' id='word_1_154' title='bbox 793 2878 957 2941; x_wconf 92' lang='lat' dir='ltr'>liberiores</span> <span class='ocrx_word' id='word_1_155' title='bbox 969 2879 1092 2941; x_wconf 87' lang='lat' dir='ltr'>litteras</span> 
     </span>
     <span class='ocr_line' id='line_1_25' title="bbox 160 2980 1092 3062; baseline -0.004 -15"><span class='ocrx_word' id='word_1_156' title='bbox 160 2984 366 3047; x_wconf 90' lang='lat' dir='ltr'>committere</span> <span class='ocrx_word' id='word_1_157' title='bbox 381 2982 498 3052; x_wconf 90' lang='lat' dir='ltr'>audeo.</span> <span class='ocrx_word' id='word_1_158' title='bbox 544 2997 571 3044; x_wconf 87' lang='lat'>2.</span> <span class='ocrx_word' id='word_1_159' title='bbox 597 2991 674 3043; x_wconf 92' lang='lat' dir='ltr'>sunt</span> <span class='ocrx_word' id='word_1_160' title='bbox 697 2989 807 3043; x_wconf 88' lang='lat' dir='ltr'>autern</span> <span class='ocrx_word' id='word_1_161' title='bbox 824 2989 898 3062; x_wconf 89' lang='lat' dir='ltr'>post</span> <span class='ocrx_word' id='word_1_162' title='bbox 914 2980 1092 3043; x_wconf 89' lang='lat' dir='ltr'>discessum</span> 
     </span>
     <span class='ocr_line' id='line_1_26' title="bbox 160 3081 1100 3166; baseline -0.006 -18"><span class='ocrx_word' id='word_1_163' title='bbox 160 3105 181 3148; x_wconf 89' lang='lat' dir='ltr'>a</span> <span class='ocrx_word' id='word_1_164' title='bbox 210 3104 263 3146; x_wconf 91' lang='lat' dir='ltr'>me</span> <span class='ocrx_word' id='word_1_165' title='bbox 293 3093 386 3145; x_wconf 92' lang='lat' dir='ltr'>tuum</span> <span class='ocrx_word' id='word_1_166' title='bbox 416 3102 466 3145; x_wconf 91' lang='lat' dir='ltr'>res</span> <span class='ocrx_word' id='word_1_167' title='bbox 495 3082 614 3164; x_wconf 89' lang='lat' dir='ltr'>dignae</span> <span class='ocrx_word' id='word_1_168' title='bbox 644 3081 759 3144; x_wconf 89' lang='lat' dir='ltr'>litteris</span> <span class='ocrx_word' id='word_1_169' title='bbox 789 3081 915 3157; x_wconf 90' lang='lat' dir='ltr'>nostris,</span> <span class='ocrx_word' id='word_1_170' title='bbox 941 3081 999 3144; x_wconf 89' lang='lat' dir='ltr'>sed</span> <span class='ocrx_word' id='word_1_171' title='bbox 1027 3102 1100 3166; x_wconf 68' lang='lat' dir='ltr'>non</span> 
     </span>
     <span class='ocr_line' id='line_1_27' title="bbox 159 3181 1093 3264; baseline -0.006 -15"><span class='ocrx_word' id='word_1_172' title='bbox 159 3185 416 3249; x_wconf 90' lang='lat' dir='ltr'>committendae</span> <span class='ocrx_word' id='word_1_173' title='bbox 442 3183 511 3246; x_wconf 89' lang='lat' dir='ltr'>eius</span> <span class='ocrx_word' id='word_1_174' title='bbox 537 3185 626 3246; x_wconf 88' lang='lat' dir='ltr'>modi</span> <span class='ocrx_word' id='word_1_175' title='bbox 652 3181 795 3264; x_wconf 78' lang='lat' dir='ltr'>perleulo</span> <span class='ocrx_word' id='word_1_176' title='bbox 818 3190 853 3244; x_wconf 93' lang='lat' dir='ltr'>ut</span> <span class='ocrx_word' id='word_1_177' title='bbox 879 3192 937 3245; x_wconf 91' lang='lat' dir='ltr'>aut</span> <span class='ocrx_word' id='word_1_178' title='bbox 964 3183 1093 3244; x_wconf 88' lang='lat' dir='ltr'>interire</span> 
     </span>
     <span class='ocr_line' id='line_1_28' title="bbox 160 3281 1101 3393; baseline -0.007 -42"><span class='ocrx_word' id='word_1_179' title='bbox 160 3298 218 3350; x_wconf 90' lang='lat' dir='ltr'>aut</span> <span class='ocrx_word' id='word_1_180' title='bbox 242 3287 359 3367; x_wconf 90' lang='lat' dir='ltr'>aperiri</span> <span class='ocrx_word' id='word_1_181' title='bbox 388 3295 446 3348; x_wconf 90' lang='lat' dir='ltr'>aut</span> <span class='ocrx_word' id='word_1_182' title='bbox 475 3286 621 3367; x_wconf 89' lang='lat' dir='ltr'>intercipi</span> <span class='ocrx_word' id='word_1_183' title='bbox 648 3286 780 3367; x_wconf 85' lang='lat' dir='ltr'>possint.</span> <span class='ocrx_word' id='word_1_184' title='bbox 825 3284 966 3366; x_wconf 90' lang='lat' dir='ltr'>primum</span> <span class='ocrx_word' id='word_1_185' title='bbox 996 3281 1101 3393; x_wconf 53' lang='lat' dir='ltr'>igitur</span> 
     </span>
     <span class='ocr_line' id='line_1_29' title="bbox 159 3387 1091 3469; baseline -0.005 -17"><span class='ocrx_word' id='word_1_186' title='bbox 159 3390 243 3452; x_wconf 87' lang='lat' dir='ltr'>scito</span> <span class='ocrx_word' id='word_1_187' title='bbox 272 3387 412 3469; x_wconf 91' lang='lat' dir='ltr'>primum</span> <span class='ocrx_word' id='word_1_188' title='bbox 444 3408 496 3450; x_wconf 90' lang='lat' dir='ltr'>me</span> <span class='ocrx_word' id='word_1_189' title='bbox 525 3408 591 3450; x_wconf 94' lang='lat' dir='ltr'>non</span> <span class='ocrx_word' id='word_1_190' title='bbox 621 3408 692 3455; x_wconf 87' lang='lat' dir='ltr'>esse</span> <span class='ocrx_word' id='word_1_191' title='bbox 721 3397 871 3468; x_wconf 85' lang='lat' dir='ltr'>rogatum</span> <span class='ocrx_word' id='word_1_192' title='bbox 896 3388 1091 3449; x_wconf 89' lang='lat' dir='ltr'>sententiam</span> 
     </span>
     <span class='ocr_line' id='line_1_30' title="bbox 160 3488 1091 3574; baseline -0.009 -18"><span class='ocrx_word' id='word_1_193' title='bbox 160 3492 447 3574; x_wconf 88' lang='lat' dir='ltr'>praepositumque</span> <span class='ocrx_word' id='word_1_194' title='bbox 470 3506 541 3554; x_wconf 75' lang='lat' dir='ltr'>esse·</span> <span class='ocrx_word' id='word_1_195' title='bbox 562 3492 656 3554; x_wconf 91' lang='lat' dir='ltr'>nobis</span> <span class='ocrx_word' id='word_1_196' title='bbox 679 3490 920 3573; x_wconf 87' lang='lat' dir='ltr'>pacificatorem</span> <span class='ocrx_word' id='word_1_197' title='bbox 940 3488 1091 3550; x_wconf 78' lang='lat' dir='ltr'>Allobro</span> 
     </span>
     <span class='ocr_line' id='line_1_31' title="bbox 160 3590 1091 3677; baseline -0.009 -19"><span class='ocrx_word' id='word_1_198' title='bbox 160 3616 248 3677; x_wconf 86' lang='lat' dir='ltr'>gum,</span> <span class='ocrx_word' id='word_1_199' title='bbox 265 3596 364 3676; x_wconf 89' lang='lat' dir='ltr'>idque</span> <span class='ocrx_word' id='word_1_200' title='bbox 378 3598 645 3659; x_wconf 89' lang='lat' dir='ltr'>admurmurante</span> <span class='ocrx_word' id='word_1_201' title='bbox 664 3603 779 3657; x_wconf 90' lang='lat' dir='ltr'>senatu</span> <span class='ocrx_word' id='word_1_202' title='bbox 801 3612 907 3673; x_wconf 90' lang='lat' dir='ltr'>neque</span> <span class='ocrx_word' id='word_1_203' title='bbox 923 3610 976 3652; x_wconf 90' lang='lat' dir='ltr'>me</span> <span class='ocrx_word' id='word_1_204' title='bbox 991 3590 1091 3651; x_wconf 89' lang='lat' dir='ltr'>invito</span> 
     </span>
     <span class='ocr_line' id='line_1_32' title="bbox 159 3690 1091 3763; baseline -0.008 -2"><span class='ocrx_word' id='word_1_205' title='bbox 159 3718 231 3763; x_wconf 86' lang='lat' dir='ltr'>esse</span> <span class='ocrx_word' id='word_1_206' title='bbox 245 3697 377 3760; x_wconf 83' lang='lat' dir='ltr'>sactum.</span> <span class='ocrx_word' id='word_1_207' title='bbox 421 3717 494 3759; x_wconf 91' lang='lat' dir='ltr'>sum</span> <span class='ocrx_word' id='word_1_208' title='bbox 513 3699 599 3759; x_wconf 88' lang='lat' dir='ltr'>enim</span> <span class='ocrx_word' id='word_1_209' title='bbox 620 3706 653 3759; x_wconf 91' lang='lat' dir='ltr'>et</span> <span class='ocrx_word' id='word_1_210' title='bbox 673 3696 716 3758; x_wconf 90' lang='lat' dir='ltr'>ab</span> <span class='ocrx_word' id='word_1_211' title='bbox 736 3692 940 3758; x_wconf 86' lang='lat' dir='ltr'>observando</span> <span class='ocrx_word' id='word_1_212' title='bbox 960 3690 1091 3754; x_wconf 89' lang='lat' dir='ltr'>homine</span> 
     </span>
    </p>
   </div>
   <div class='ocr_carea' id='block_1_8' title="bbox 0 0 1378 4144">
    <p class='ocr_par' dir='ltr' id='par_1_8' title="bbox 0 0 1378 4144">
     <span class='ocr_line' id='line_1_33' title="bbox 0 0 1378 4144; baseline 0 2"><span class='ocrx_word' id='word_1_213' title='bbox 0 0 1378 4144; x_wconf 95' lang='lat' dir='ltr'> </span> 
     </span>
    </p>
   </div>
  </div>
 </body>
</html>
