2748 4144
241 207 277 268 18
400 207 698 269 EPISTOLARUM
726 207 785 266 AD
813 206 1010 268 ATTICUM

665 431 758 496 XIV.

375 573 514 654 (Romae.
558 571 710 647 Messala,
725 571 843 634 Pisone
866 590 937 635 coss.
955 570 1040 654 693.)

528 728 667 794 C1caRo
689 728 833 790 Aarrco
855 725 889 791 S.

307 888 331 934 1.
374 870 498 933 Vereor
513 889 554 932 ne
576 869 728 952 putidum
747 870 789 932 sit
809 869 949 933 scribere
965 868 1008 932 ad
1024 878 1172 951 tequam

238 973 299 1035 sim
329 980 515 1052 occupatus,
539 972 597 1033 sed
620 979 733 1034 tamen
755 972 941 1045 distinebar,
961 980 998 1035 ut
1020 970 1096 1035 huic
1114 971 1172 1033 vix

237 1074 385 1137 tantulae
400 1072 559 1155 epistolae
573 1082 705 1154 tempus
719 1072 889 1136 habuerim
909 1082 1010 1155 atque
1032 1075 1065 1136 id
1081 1093 1172 1155 erep-

237 1185 308 1239 tum
324 1197 342 1239 e
357 1176 496 1237 summis
511 1175 788 1255 occupationibus.
831 1176 936 1259 prima
951 1175 1061 1238 contio
1077 1175 1172 1237 Pom-

237 1277 301 1358 peii
324 1274 429 1356 qualis
450 1274 563 1336 luisset
583 1273 697 1355 scripsi
712 1275 755 1337 ad
771 1283 805 1337 te
825 1284 931 1349 antea,
948 1295 1013 1338 non
1029 1275 1171 1337 iucunda

238 1379 370 1453 miseris,
401 1377 507 1438 inanis
536 1376 700 1457 improbis,
725 1375 832 1439 beatis
859 1396 924 1438 non
947 1385 1050 1458 grata,
1076 1375 1169 1438 bonis

237 1501 302 1542 non
324 1479 440 1562 gravis,
457 1479 568 1558 itaque
591 1475 738 1559 frigebat.
782 1486 854 1540 tum
881 1478 1006 1541 Pisonis
1028 1475 1170 1540 consulis

236 1581 378 1664 impulsu
402 1580 585 1642 levissimus
607 1579 756 1643 tribunus
778 1579 883 1661 plebis
907 1579 1018 1642 Fufius
1041 1581 1072 1642 in
1095 1600 1170 1642 con-

236 1682 360 1744 tionem
375 1680 534 1762 produxit
552 1679 752 1761 Pompeium.
796 1700 847 1743 res
862 1682 1021 1763 agebatur
1037 1683 1069 1744 in
1085 1683 1171 1746 circo

237 1782 400 1844 Flaminio
415 1788 448 1843 et
460 1789 530 1843 erat
545 1779 578 1841 in
593 1800 633 1843 eo
645 1780 717 1860 ipso
731 1781 805 1843 loco
817 1780 873 1844 illo
887 1782 941 1844 die
952 1783 1169 1845 nundinarum

236 1880 417 1964 πανήγυρις.
462 1880 622 1960 quaesivit
647 1900 755 1943 exeo
781 1880 966 1963 placeretne
990 1883 1019 1945 ei
1049 1882 1171 1946 iudices

236 2003 256 2045 a
271 1991 422 2063 praetore
437 1980 510 2063 legi,
527 2000 594 2062 quo
609 1981 743 2044 consilio
759 1982 846 2045 idem
867 1992 999 2065 praetor
1018 1993 1168 2049 uteretur.

237 2086 270 2148 id
286 2096 397 2148 autem
420 2094 489 2147 erat
505 2084 546 2146 de
563 2084 723 2148 Clodiana
738 2084 893 2168 religione
907 2086 950 2150 ab
964 2097 1080 2150 senatu
1096 2107 1171 2151 con-

237 2188 398 2250 stitutum.
449 2203 478 2249 2.
505 2195 575 2249 tum
602 2187 775 2269 Pompeius
798 2184 875 2266 μάλ’
904 2184 1171 2272 ἀριστοκρατικῶς

237 2287 364 2350 locutus
386 2297 444 2363 est,
460 2297 658 2367 senatusque
679 2287 909 2353 auctoritatem
932 2288 992 2351 sibi
1019 2289 1171 2351 omnibus

237 2390 269 2451 in
296 2390 392 2452 rebus
422 2390 603 2451 maximam
629 2389 735 2477 videri·
756 2392 949 2472 semperque
974 2391 1076 2454 visam
1100 2412 1170 2454 esse

236 2490 404 2572 respondit
434 2498 467 2551 et
496 2488 530 2550 id
559 2488 670 2553 multis
706 2489 823 2553 verbis.
881 2499 998 2573 postea
1027 2492 1170 2555 Messala

236 2589 349 2654 consul
379 2592 411 2651 in
438 2599 553 2652 senatu
583 2590 626 2653 de
657 2590 815 2672 Pompeio
837 2592 996 2674 quaesivit
1019 2593 1098 2677 quid
1128 2593 1169 2655 de

235 2692 391 2774 religione
406 2701 439 2756 et
455 2691 496 2753 de
517 2691 726 2774 promulgata
744 2694 914 2776 rogatione
935 2694 1077 2758 sentiret.
1122 2693 1169 2757 lo-

236 2804 330 2858 cutus
345 2796 390 2857 ita
407 2803 456 2857 est
471 2795 505 2857 in
520 2804 645 2868 senatu,
662 2806 698 2858 ut
714 2798 824 2859 omnia
846 2795 932 2859 illius
951 2797 1073 2859 ordinis
1094 2817 1169 2859 con-

235 2895 321 2958 sulta
342 2897 470 2976 «γενικῶς
499 2895 657 2971 laudaret,
681 2897 835 2978 mihique,
859 2906 895 2960 ut
921 2897 1060 2974 adsedit,
1083 2898 1169 2962 dixit

234 3018 270 3060 se
296 3006 412 3078 putare
441 2998 522 3060 satis
546 2997 588 3060 ab
617 3018 654 3061 se
684 3001 784 3062 etiam
812 2999 856 3062 de
881 3001 951 3062 istis
974 2999 1070 3062 rebus
1098 3021 1170 3064 esse

234 3118 433 3181 responsum.
487 3115 515 3177 3.
550 3098 686 3162 Crassus
708 3109 823 3182 postea
849 3121 948 3182 quam
971 3101 1054 3163 vidit
1077 3101 1169 3165 illurn

233 3199 403 3281 excepisse
418 3199 549 3262 laudem
562 3221 604 3262 ex
617 3222 656 3264 co
668 3202 757 3282 quod
769 3202 1010 3283 suspicarentur
1020 3202 1170 3266 homines

233 3303 263 3365 ei
279 3305 483 3365 consulatum
501 3323 609 3365 meum
630 3303 767 3385 placere,
785 3306 926 3367 surrexit
951 3305 1170 3368 ornatissime-

233 3425 297 3486 que
321 3406 363 3467 de
386 3425 460 3466 meo
483 3406 653 3468 consulatu
676 3406 804 3469 locutus
826 3415 884 3480 est,
909 3408 1011 3492 utlita
1037 3407 1167 3481 diceret,

231 3525 275 3579 se,
292 3506 382 3587 quod
397 3516 483 3570 esset
503 3517 642 3582 senator,
658 3509 746 3589 quod
767 3507 853 3584 civis,
870 3509 959 3590 quod
974 3507 1063 3583 liber,
1079 3508 1168 3589 quod

231 3608 363 3677 viveret.
380 3608 459 3670 mihi
474 3618 645 3691 acceptum
662 3609 798 3673 referre:
818 3610 971 3691 quotiens
985 3610 1168 3692 coniugem,
