2748 4144
526 227 604 287 LIB.
620 227 644 286 1.
669 227 728 286 EP.
746 244 791 285 20.

619 433 697 496 XX.

317 587 457 672 (Romae.
499 584 635 658 Metello,
658 583 688 645 Α
686 581 804 663 frateio
825 599 896 643 coss.
919 576 1003 661 694)

471 749 611 812 &cuno
640 746 785 810 ATTIco
815 744 848 808 S.

264 918 289 966 1.
327 899 437 981 Quum
453 919 472 961 e
493 898 693 979 Pompeiano
708 916 762 958 me
778 896 919 958 Romam
934 892 1127 975 recepissem

193 1024 222 1066 a.
232 1001 262 1066 d.
276 1015 334 1065 1111
347 1001 427 1062 Idus
441 999 556 1072 MaiaS,
569 997 699 1062 Cincius
711 1006 822 1060 noster
836 1017 909 1059 eam
925 998 1003 1068 mihi
1018 998 1078 1063 abs
1093 1007 1128 1063 te

194 1101 367 1185 epistolam
382 1100 533 1173 reddidit,
546 1118 645 1179 quam
659 1107 695 1160 tu
713 1097 796 1161 idib.
807 1097 901 1161 Febr.
917 1097 1062 1163 dederas.
1099 1099 1129 1162 ei

177 1223 282 1266 *nunc
296 1200 454 1284 epistolae
469 1200 583 1263 litteris
603 1198 654 1261 his
672 1199 886 1280 respondebo
929 1219 968 1261 ac
988 1202 1129 1281 primum

194 1307 254 1376 tibi
278 1313 485 1386 perspectum
505 1322 576 1364 esse
596 1300 752 1364 iudicium
771 1301 814 1364 de
833 1311 867 1364 te
886 1320 996 1364 meum
1017 1302 1129 1376 laetor,

195 1407 314 1469 deinde
335 1413 369 1466 te
389 1405 477 1466 iniis
498 1402 601 1476 rebus,
622 1422 708 1483 quae
727 1403 806 1465 mihi
830 1404 974 1484 asperius
994 1423 1014 1467 a
1034 1403 1129 1466 nobis

195 1517 295 1589 atque
313 1506 431 1568 nostris
452 1512 485 1566 et
500 1505 704 1567 iniucundius
722 1514 816 1567 actae
836 1505 1044 1581 videbantur,
1059 1524 1129 1567 mo·

196 1611 436 1672 deratissimum
457 1606 556 1669 luisse
572 1605 856 1669 vehementissime
871 1606 1012 1687 gaudeo
1030 1605 1131 1687 idque

197 1731 302 1791 neque
320 1711 439 1773 amoris
460 1709 629 1771 mediocris
648 1717 681 1771 et
699 1709 821 1790 ingenii
841 1709 960 1771 summi
983 1728 1022 1770 ac
1044 1708 1131 1789 sapi-

197 1816 304 1876 entiae
319 1813 435 1876 iudic0.
472 1831 537 1891 qua
554 1811 596 1873 de
610 1830 644 1873 re
659 1830 760 1892 quum
781 1810 824 1873 ad
844 1830 898 1873 me
917 1812 964 1875 ita
978 1812 1129 1886 suaviter,

197 1914 377 1997 diligenter,
406 1913 556 1984 officiose,
581 1912 767 1976 humaniter
795 1914 967 1994 scripseris
998 1921 1035 1977 ut
1064 1933 1130 1976 non

197 2018 297 2080 modo
315 2025 349 2079 te
366 2014 488 2099 hortari
508 2014 648 2096 amplius
668 2035 734 2077 non
758 2014 906 2088 debeam,
930 2015 988 2076 sed
1007 2034 1048 2078 ne
1072 2035 1130 2077 ex·

197 2128 344 2201 spectare
360 2118 492 2200 quidem
507 2116 566 2180 abs
584 2125 617 2179 te
640 2125 698 2178 aut
713 2116 756 2178 ab
770 2116 837 2178 ullo
852 2116 986 2178 homine
1000 2124 1130 2179 tantum

198 2220 361 2285 facilitatis
385 2239 424 2282 ac
452 2218 711 2281 mansuetudinis
734 2219 905 2299 potuerim,
936 2217 1017 2281 nihil
1047 2218 1132 2281 duco

198 2343 269 2386 esse
292 2321 495 2385 commodius
518 2337 618 2401 quam
637 2318 678 2380 de
695 2317 746 2380 his
764 2317 860 2381 rebus
878 2318 958 2380 nihil
976 2319 1042 2383 iam
1062 2339 1132 2382 am·

198 2425 283 2507 plius
312 2424 460 2486 scribere.
505 2441 608 2503 quum
638 2422 757 2484 erimus
787 2421 959 2502 congressi,
989 2428 1069 2492 tum,
1104 2421 1131 2482 si

199 2525 278 2608 quid
308 2543 358 2586 res
384 2523 474 2594 feret,
507 2539 617 2584 coram
648 2522 732 2583 inter
758 2540 817 2583 nos
846 2520 1058 2585 conferemus
1104 2537 1137 2595 2.ι

198 2626 288 2708 quod
296 2625 349 2690 ,ad
369 2644 422 2686 me
437 2624 479 2686 de
497 2643 531 2684 re
550 2621 682 2705 publica
700 2622 821 2695 scribis,
841 2623 989 2706 disputas
1007 2633 1044 2688 tu
1061 2625 1132 2706 qui·

199 2729 275 2790 dem
301 2735 335 2790 et
358 2733 507 2788 amanter
529 2732 563 2788 et
586 2722 764 2804 prudenter
788 2732 861 2786 eta
884 2726 965 2787 meis
991 2724 1133 2788 consiliis

200 2828 283 2891 ratio
297 2836 356 2891 tua
369 2847 436 2890 non
452 2826 724 2889 abhorret-nam
746 2845 852 2907 neque
870 2826 912 2888 de
929 2834 1018 2889 statu
1038 2828 1133 2890 nobis

200 2941 330 2992 nostrae
350 2929 520 3010 dignitatis
543 2937 593 2990 est
611 2926 828 2990 recedendum
846 2948 953 3010 neque
970 2930 1041 2992 sine
1058 2949 1133 2992 nos-

200 3034 258 3094 tris
279 3032 380 3114 copiis
398 3031 482 3093 intra
500 3029 632 3093 alterius
652 3029 814 3111 praesidia
831 3032 1027 3094 veniendum
1047 3041 1081 3094 et
1095 3033 1133 3109 ia,

200 3136 243 3197 de
257 3154 324 3217 quo
338 3134 459 3208 scribis,
474 3132 554 3197 nihil
569 3133 669 3196 habet
685 3133 841 3216 amplum,
863 3134 942 3196 nihil
958 3133 1132 3208 excelsum,

201 3237 280 3300 nihil
297 3256 363 3298 non
380 3237 589 3298 summissum
610 3244 710 3316 atque
730 3234 937 3317 populare—,
959 3254 1071 3298 verum
1085 3243 1135 3297 ta-

201 3362 277 3404 men
292 3339 353 3403 iuit
364 3341 447 3403 ratio
463 3340 542 3401 mihi
558 3339 694 3401 fortasse
706 3338 749 3401 ad
761 3338 1030 3420 tranquillitatem
1045 3356 1137 3417 meo·-

201 3465 273 3509 rum
297 3455 482 3526 temporum
511 3460 577 3504 non
607 3441 739 3518 inutilis,
768 3441 827 3504 sed
853 3459 907 3502 me
929 3439 1060 3503 hercule
1089 3443 1134 3504 rei

202 3548 350 3631 publicae
366 3545 470 3609 multo
485 3544 585 3607 etiam
601 3542 710 3632 utilior
724 3562 824 3624 quam
839 3542 926 3616 mihi,
941 3541 1060 3609 civium
1075 3542 1135 3606 im·

202 3649 378 3734 proborum
402 3648 544 3729 impetus
567 3647 601 3709 in
625 3666 678 3708 me
701 3644 841 3730 reprimi,
867 3662 969 3725 quum
993 3640 1136 3708 hominis
