2748 4144
291 256 326 296 10
451 234 751 295 EPISTOLARUM
779 234 836 291 AD
865 233 1062 292 ATTICUM

287 404 362 447 cum
388 384 550 466 capitibus
574 386 691 459 aeneis,
716 385 759 447 de
783 384 900 466 quibus
921 385 963 446 ad
987 404 1039 445 me
1062 383 1226 463 scripsisti

287 486 353 547 iam
379 505 465 548 nunc
491 506 543 547 me
568 486 749 547 admodum
770 485 943 548 delectant.
987 506 1053 566 qua
1074 505 1107 547 re
1128 481 1226 547 velim

287 596 320 650 et
346 608 403 650 eos
429 596 462 649 et
488 588 582 667 signa
605 596 639 649 et
662 597 798 662 caetera,
820 608 904 668 quae
931 587 990 651 tibi
1017 588 1085 649 eius
1109 586 1171 649 loci
1194 598 1228 649 et

288 689 388 752 nostri
418 690 517 752 studii
547 697 580 751 et
606 699 682 751 tuae
713 689 896 772 elegantiae
925 710 996 752 esse
1021 689 1226 760 videbuntur,

286 811 386 872 quam
402 791 542 873 plurima
557 811 655 872 quam
672 792 879 872 primumque
895 792 1014 866 mittas,
1031 800 1064 852 et
1079 791 1226 853 maxime

286 915 371 976 quae
386 894 445 956 tibi
461 894 624 974 gymnasii
640 894 796 974 xystique
811 895 1010 957 videbuntur
1025 914 1102 955 esse.
1149 912 1225 955 nam

286 997 319 1057 in
344 1016 383 1058 eo
406 1016 525 1076 genere
549 996 595 1057 sic
619 995 728 1057 studio
750 996 919 1071 efferimur,
942 1007 978 1059 ut
998 996 1057 1058 abs
1078 1006 1112 1057 te
1134 996 1226 1058 adiu-

285 1096 393 1172 vendi,
410 1097 453 1159 ab
468 1095 539 1158 aliis
555 1117 657 1178 prope
673 1097 930 1179 reprehendendi
946 1099 1055 1160 simus.
1100 1098 1127 1159 si
1141 1096 1226 1159 Len-

286 1197 345 1260 tuli
362 1199 453 1260 navis
469 1217 533 1259 non
551 1198 618 1268 erit,
632 1217 698 1278 quo
714 1199 772 1261 tibi
788 1198 931 1280 placebit
946 1199 1116 1279 imponito,
1146 1197 1224 1259 Tul-

285 1304 371 1380 liola,
388 1304 556 1367 deliciolae
578 1315 716 1379 nostrae,
732 1312 825 1365 tuum
846 1300 1073 1364 munusculum
1097 1299 1224 1382 flagitat

286 1414 318 1468 et
334 1425 387 1466 me
403 1413 438 1467 ut
454 1424 644 1486 sponsorem
660 1404 812 1485 appellat.
856 1403 935 1465 mihi
950 1413 1060 1464 autem
1076 1403 1224 1465 abiurare

285 1507 403 1569 certius
426 1516 475 1568 est
497 1526 598 1587 quam
621 1504 816 1587 dependere.

725 1707 786 1770 IX.

400 1837 540 1920 (Romae.
584 1839 709 1915 Pisone,
737 1839 908 1902 Glabrione
931 1859 1001 1907 coss.
1025 1839 1112 1920 687.)

579 1972 718 2036 Cremo
739 1970 881 2034 Arrrco
904 1969 938 2034 S.

351 2119 374 2164 1.
421 2101 569 2165 Nimium
592 2124 663 2165 raro
687 2102 780 2165 nobis
802 2103 862 2165 abs
876 2113 911 2165 te
925 2102 1054 2165 litterae
1072 2102 1222 2165 adserun-

283 2211 343 2280 tur,
359 2223 462 2284 quum
478 2213 511 2265 et
527 2203 632 2266 multo
655 2212 690 2267 tu
712 2204 835 2266 facilius
851 2205 991 2284 reperias
1006 2204 1062 2285 qui
1079 2204 1220 2266 Romam

284 2306 531 2388 proficiscantur
545 2326 645 2387 quam
661 2326 722 2387 ego
738 2307 793 2388 qui
805 2305 965 2380 Athenas,
982 2315 1015 2368 et
1030 2306 1147 2367 certius
1162 2306 1221 2368 tibi

283 2408 325 2470 sit
345 2429 398 2472 me
421 2428 491 2471 esse
508 2406 636 2468 Romae
652 2426 751 2488 quam
774 2407 852 2468 mihi
867 2416 901 2469 te
916 2406 1065 2470 Athenis.
1111 2407 1221 2489 itaque

282 2518 416 2591 propter
429 2509 515 2571 hanc
530 2508 769 2570 dubitationem
786 2527 893 2570 meam
909 2508 1036 2570 brevior
1050 2506 1131 2570 haec
1151 2509 1221 2589 ipsa

283 2611 422 2692 epistola
443 2619 501 2687 est,
518 2611 617 2692 quod,
633 2631 734 2692 quum
756 2611 898 2689 incertus
920 2626 1024 2673 essem
1048 2610 1102 2672 ubi
1124 2631 1219 2685 esses,

284 2713 435 2776 nolebam
462 2712 553 2777 illum
580 2722 727 2774 nostrum
758 2711 948 2774 familiarem
978 2732 1162 2775 sermonem
1187 2715 1219 2774 in

282 2813 405 2876 alienas
443 2835 559 2876 manus
590 2814 749 2876 devenire.
805 2831 831 2877 2.
873 2815 966 2896 signa
993 2814 1157 2896 Megarica
1188 2827 1221 2878 et

284 2916 433 2991 Hermas
459 2916 643 2996 dequibus
673 2917 715 2978 ad
746 2937 799 2978 me
825 2916 989 2997 scripsisti,
1012 2916 1221 2980 vehementer

281 3027 447 3101 exspecto.
491 3017 651 3099 quidquid
675 3019 820 3082 eiusdem
842 3019 969 3100 generis
988 3018 1133 3094 habebis,
1150 3022 1221 3101 dig·
1332 3086 1333 3101 χ

282 3141 360 3182 num
371 3119 555 3183 Academia
568 3121 627 3183 tibi
639 3122 728 3202 quod
740 3122 910 3197 videbitur,
922 3143 963 3184 ne
973 3121 1131 3185 dubitaris
1147 3125 1220 3187 mit-

280 3230 357 3298 tere,
389 3230 421 3283 et
450 3242 544 3284 arcae
574 3232 704 3285 nostrae
734 3222 898 3285 confidito
947 3243 1051 3305 genus
1077 3224 1140 3286 hoc
1170 3237 1220 3288 est

280 3323 459 3405 voluptatis
484 3344 594 3387 meae:
623 3345 708 3406 quae
732 3321 934 3403 pvpvoorddn
964 3327 1110 3389 maxime
1132 3339 1218 3402 sunt,

281 3445 319 3486 ea
339 3444 470 3505 quaero.
516 3425 676 3489 Lentulus
700 3446 799 3488 naves
824 3446 900 3489 suas
924 3427 1102 3509 pollicetur.
1142 3442 1219 3512 peto

280 3526 339 3588 abs
361 3536 403 3602 te,
420 3536 456 3589 ut
478 3526 559 3590 haec
581 3547 673 3590 cures
695 3528 875 3609 diligenter.
922 3529 1047 3593 Chilius
1068 3541 1102 3595 te
1126 3545 1218 3613 rogat
1332 3520 1333 3529 ἵ

281 3637 314 3691 et
336 3649 399 3711 ego
421 3630 490 3692 eius
512 3639 629 3712 rogatu
652 3626 863 3711 Εὐμολπιδῶν
884 3629 1011 3717 πάτρια,
