2748 4144
529 223 605 281 Lru.
623 224 647 281 ι.
671 224 730 283 ΕΡ.
750 224 793 283 16.
1098 240 1134 301 ις

196 376 293 442 datus
301 374 480 451 videbatur,
491 375 552 438 nisi
561 375 617 456 qui
629 394 688 438 nos
699 375 779 438 deus
789 377 976 458 respexerit,
986 376 1134 460 elapsum

195 477 278 539 scito
297 496 315 538 e
350 475 425 538 ede
444 473 596 538 manibus
614 495 680 537 uno
695 473 758 538 hoc
773 475 911 539 iudicio:
932 478 959 538 si
978 477 1132 540 iudicium

196 577 403 662 estffrigrnta
418 575 569 639 homines
585 576 698 657 populi
722 576 866 639 Romani
889 576 1074 641 levissimos
1094 599 1134 642 ac

196 678 411 761 nequissimos
422 677 564 740 numulis
574 678 717 759 acceptis
728 678 777 740 ius
793 699 831 741 ac
847 679 896 741 sas
911 700 1009 742 omne
1024 680 1133 743 delere

196 791 237 855 et,
261 781 349 860 quod
372 798 487 841 omnes
510 799 576 841 non
599 779 1009 943 modqatprmffiqesverum
1031 781 1132 843 etiam

196 881 338 960 pecudes
353 879 476 944 factum
492 901 563 942 esse
578 881 690 952 sciant,
704 903 713 943 1
807 902 826 943 a
841 902 917 943 nam
934 891 967 945 et
980 882 1131 944 Plautum

196 989 229 1042 et
254 980 435 1064 Spongiam
465 990 498 1043 et
524 991 669 1044 caeteras
698 982 793 1045 huius
823 984 912 1046 modi
942 985 1133 1066 quisquilias

196 1091 339 1145 statuere
368 1103 547 1165 numquam
578 1104 649 1145 esse
679 1083 810 1146 sactum.
866 1099 894 1165 7.
927 1087 985 1150 sed
1010 1095 1130 1160 tamen,

195 1196 232 1248 ut
254 1195 288 1249 te
310 1187 352 1249 de
372 1208 406 1249 re
425 1186 556 1267 publica
580 1186 736 1261 consoler,
754 1207 820 1250 non
840 1188 896 1263 ita,
911 1196 947 1250 ut
962 1198 1132 1270 sperarunt

196 1289 282 1366 mali,
305 1299 378 1352 tant
405 1290 437 1338 ·'
475 1290 584 1370 posito
606 1289 651 1351 rei
682 1289 832 1371 publicae
855 1289 995 1360 vulnere,
1018 1289 1132 1354 alacris

195 1389 342 1453 exsultat
370 1310 575 1479 ifipffflspffaasq
596 1390 629 1451 in
658 1390 800 1452 victoria.
857 1410 933 1451 nam
963 1391 1060 1471 plane
1085 1392 1133 1458 ita

195 1501 406 1572 putaverunt,
431 1410 533 1583 &um
564 1492 687 1573 religi0,
711 1512 812 1573 quum
836 1493 1005 1574 pudicitia,
1029 1514 1130 1574 quum

196 1594 387 1657 iudiciorum
413 1593 505 1668 fides,
528 1614 630 1676 quum
655 1604 788 1657 senatus
818 1595 996 1657 auctoritas
1025 1596 1131 1658 conci·

195 1695 318 1767 disset,
333 1695 402 1759 lore
431 1705 467 1759 ut
493 1705 606 1778 aperte
635 1697 754 1760 victrix
785 1697 932 1779 nequitia
961 1717 1000 1759 ac
1029 1696 1132 1758 libido

195 1818 318 1879 poenas
333 1798 375 1861 ab
389 1798 516 1879 optimo
532 1819 663 1880 quoque
678 1792 805 1879 peter'et
820 1799 870 1860 sui
885 1798 1016 1874 doloris,
1032 1815 1131 1880 quem

195 1899 437 1982 improbissimo
452 1900 569 1987 cuique
588 1900 750 1963 inusserat
770 1901 924 1965 severitas
945 1898 1132 1962 consulatus

196 2001 268 2065 mei.
327 2001 355 2064 8.
393 2000 481 2064 idem
511 2018 574 2081 ego
604 2000 767 2063 ille—non
794 2002 882 2064 enim
912 2000 991 2063 mihi
1020 2000 1133 2064 videor

195 2101 372 2164 insolenter
384 2101 524 2183 gloriari,
541 2122 642 2184 quum
665 2102 708 2164 de
723 2123 776 2165 me
792 2103 880 2184 apud
905 2111 938 2165 te
958 2101 1082 2184 loquor,
1098 2102 1131 2163 in

195 2223 235 2264 ea
256 2205 447 2284 praesertim
474 2204 613 2284 epistola
633 2224 732 2285 quam
756 2203 832 2265 nolo
859 2203 903 2265 ab
925 2203 997 2265 aliis
1024 2203 1131 2284 legi-

195 2304 292 2378 idem,
307 2305 450 2385 inquam,
466 2325 529 2386 ego
547 2306 687 2368 recreavi
710 2304 861 2368 adflictos
879 2305 1007 2367 animos
1029 2305 1131 2367 bono-

158 2424 276 2569 Q
293 2425 394 2468 unum
417 2425 582 2487 quemque
604 2404 810 2479 confirmans,
830 2406 1002 2468 excitans:
1029 2405 1131 2467 insec-

195 2518 209 2569 t

153 2526 159 2533 ·
211 2529 252 2570 an
278 2487 395 2570 isvero
410 2508 684 2589 exagitandisque
704 2508 860 2570 numariis
882 2507 1041 2569 iudicibus
1061 2524 1131 2566 om-

103 2675 120 2684 ,
191 2628 271 2731 {ff
286 2629 343 2731 3¹0¹}
367 2607 439 2671 ibus
450 2608 608 2727 qudposis
624 2628 663 2671 ac
681 2607 862 2670 fautoribus
878 2605 963 2669 illius
977 2605 1131 2704 victoriqe

34 2672 165 2769 qm<
194 2737 242 2775 πα
269 2698 325 2774 ‘u
475 2731 516 2781 ιιι,
546 2710 697 2772 Pisonem
727 2710 896 2773 consulem
923 2707 1013 2770 nulla
1033 2707 1068 2769 in
1097 2726 1131 2768 re

196 2812 372 2875 consistere
400 2832 559 2893 umquam
586 2832 660 2874 sum
690 2832 815 2894 passus,
847 2812 1046 2893 desponsam
1075 2808 1132 2871 ho·

196 2916 274 2978 mini
304 2915 370 2977 iam
400 2913 532 2995 Syriam
559 2915 677 2990 ademi,
706 2923 857 2977 senatum
887 2914 930 2976 ad
960 2912 1131 2994 pristinam

195 3037 288 3081 suam
303 3017 511 3079 severitatem
527 3016 674 3078 revocavi
689 3023 789 3098 atque
804 3016 968 3079 abiectum
981 3013 1132 3088 excitavi,

197 3116 350 3180 Clodium
365 3126 572 3198 praesentem
588 3115 669 3199 fregi
684 3116 717 3179 in
733 3125 849 3179 senatu
866 3135 969 3198 quum
984 3115 1132 3178 oratione

195 3227 362 3300 perpetua,
390 3218 579 3300 plenissima
607 3219 786 3300 gravitatis,
816 3227 889 3281 tum
918 3199 1131 3281 altercatione

198 3320 267 3382 eius
297 3320 395 3394 modi,
425 3340 469 3383 ex
501 3341 566 3401 qua
600 3320 676 3383 licet
709 3340 814 3403 pauca
848 3320 1010 3402 degustes.
1053 3337 1131 3381 nam

195 3430 324 3484 caetera
346 3440 412 3484 non
434 3430 574 3506 possunt
592 3420 713 3484 habere
735 3440 841 3503 neque
862 3421 929 3483 vim
952 3441 1058 3503 neque
1076 3440 1131 3483 ve·

195 3531 369 3599 nustatem,
396 3532 524 3586 remoto
553 3520 609 3586 illo
638 3522 749 3586 studio
778 3524 1005 3598 contentionis,
1032 3542 1130 3604 quem

195 3618 303 3703 ἀγῶνα
332 3643 391 3687 vos
413 3623 594 3706 appellatis.
646 3641 676 3706 9.
703 3644 788 3700 nam,
811 3633 847 3687 ut
874 3624 956 3687 Idib.
979 3624 1077 3688 Maiis
1098 3627 1130 3689 in
