2748 4144
539 215 614 273 ura.
632 216 654 273 1.
679 216 736 274 ΕΡ.
757 217 800 275 16.
1103 218 1139 294 23

208 361 297 426 illurn
314 361 468 444 plumbeo
481 361 591 444 gladio
611 362 793 444 iugulatum
816 364 854 425 iri
876 375 987 428 tamen
1009 367 1137 431 diceret.

208 482 234 546 3.
260 449 318 529 sed
338 466 492 528 iudicium
511 465 538 528 si
561 467 689 547 quaeris
712 465 808 546 quale
831 466 935 544 suerit,
960 469 1138 533 incredibili

206 552 316 631 exitur
339 569 385 630 sic
399 567 452 630 uti
463 587 548 628 nunc
564 588 606 628 ex
622 577 740 628 eventu
759 566 801 628 ab
817 567 896 643 aliis,
919 589 939 631 a
955 590 1008 632 me
1027 579 1138 635 tamen

139 669 140 672 ’
206 691 249 733 ex
272 672 343 751 ipso
366 670 467 744 initio,
489 669 658 738 consilium
685 668 853 733 Hortensii
877 671 1136 751 reprehendatur.

206 793 282 838 nam
312 783 348 835 ut
378 773 508 835 reiectio
539 771 626 834 facta
656 779 706 832 est
742 769 938 833 clamoribus
974 773 1136 849 maximis,

205 895 306 956 quum
329 884 498 938 accusator
526 883 695 955 tamquam
719 893 833 936 censor
859 875 964 937 bonus
989 875 1137 940 homines

205 979 420 1059 nequissimos
447 978 598 1049 reiiceret,
627 996 698 1038 reus
724 986 893 1056 tamquam
923 978 1064 1042 clemens
1091 979 1136 1043 la-

205 1080 289 1142 nista
305 1078 556 1161 frugalissimum
572 1098 735 1159 quemque
747 1088 934 1153 secerneret,
948 1089 984 1142 ut
995 1081 1135 1162 primum

205 1182 325 1245 iudices
340 1181 564 1253 consederunt,
580 1179 676 1241 valde
691 1179 836 1242 diffidere
855 1181 931 1242 boni
950 1192 1134 1263 coeperunt.

204 1304 269 1346 non
285 1286 370 1346 enim
387 1301 542 1363 umquam
555 1282 679 1362 turpior
694 1281 725 1341 in
742 1280 819 1342 ludo
834 1280 950 1344 talario
965 1302 1135 1346 consessus

203 1383 271 1448 fuit.
316 1383 470 1445 maculosi
486 1391 661 1456 senatores,
678 1381 756 1442 nudi
777 1382 911 1469 equites,
928 1383 1050 1444 tribuni
1069 1404 1134 1446 non
1159 1390 1165 1399 '

202 1493 272 1547 tam
298 1485 398 1546 aerati
429 1502 539 1564 quam,
566 1492 601 1543 ut
631 1480 845 1562 appellantur,
873 1484 995 1545 aerarii,
1038 1488 1134 1566 pauci

202 1595 314 1648 tamen
330 1585 407 1647 boni
423 1585 558 1658 inerant,
575 1603 657 1663 quos
673 1583 844 1645 reiectione
867 1583 979 1664 fugare
998 1584 1053 1647 ille
1067 1606 1133 1649 non

202 1696 361 1768 potuerat,
378 1686 433 1768 qui
450 1685 566 1746 maesti
582 1685 665 1745 inter
680 1684 728 1745 sui
743 1683 916 1745 dissimiles
939 1692 971 1745 et
988 1705 1133 1747 maeren-

200 1794 250 1850 tes
266 1787 423 1849 sedebant
439 1795 471 1849 et
492 1785 686 1867 contagione
697 1784 907 1866 turpitudinis
922 1786 1134 1848 vehementer

201 1888 481 1969 permovebantur.
525 1904 554 1963 4
593 1885 653 1961 hic,
679 1895 715 1949 ut
733 1906 883 1967 quaeque
913 1907 963 1948 res
990 1887 1032 1948 ad
1057 1907 1133 1951 con-

200 1990 308 2052 silium
331 1989 443 2070 primis
464 1988 739 2070 postulationibus
765 1988 971 2063 referebatur,
995 1990 1134 2051 incredi-

200 2094 272 2157 bilis
303 2100 372 2155 erat
400 2092 555 2154 severitas
584 2091 673 2153 nulla
702 2092 859 2154 varietate
888 2092 1131 2167 sententiarum,

200 2193 279 2256 nihil
295 2194 491 2276 impetrabat
506 2214 586 2266 reus,
599 2193 671 2274 plus
687 2193 866 2254 accusatori
878 2193 1018 2255 dabatur
1032 2213 1131 2274 quarn

199 2295 395 2378 postulabat,
418 2293 762 2376 triumphabat-quid
788 2295 917 2375 quaeris
928 2295 1131 2358 ?—Horten·

198 2398 265 2461 sius
287 2420 322 2461 se
342 2398 461 2461 vidisse
482 2406 621 2469 tautum,
637 2417 735 2459 nemo
757 2406 826 2459 erat
852 2398 907 2478 qui
928 2396 1019 2460 illum
1040 2419 1130 2462 reum

198 2519 237 2561 ac
252 2518 316 2560 non
333 2499 459 2561 miliens
474 2499 726 2561 condemnatum
742 2497 958 2560 arbitraretur.
990 2518 1042 2560 me
1053 2519 1131 2563 vero

198 2609 282 2662 teste
311 2600 470 2681 producto
493 2600 591 2662 credo
621 2608 654 2662 te
683 2620 727 2661 ex
756 2599 993 2661 acclamatione
1024 2599 1131 2667 Clodii

197 2703 431 2766 advocatorum
461 2701 590 2765 audisse
619 2723 704 2783 quae
737 2703 956 2765 consurrectio
985 2703 1130 2767 iudicum

197 2805 284 2868 facta
305 2770 422 2880 siritii
440 2823 494 2865 me
518 2804 798 2879 circumsteterint,
823 2812 859 2866 ut
881 2813 994 2885 aperte
1019 2805 1130 2888 iugula

197 2927 256 2969 sua
278 2927 338 2987 pro
361 2925 435 2967 meo
459 2905 566 2986 capite
594 2904 627 2969 P.
653 2904 770 2968 Clodio
799 2905 1002 2968 ostentarint.
1045 2927 1130 2989 quae

197 2986 276 3070 inihi
299 3028 349 3069 res
374 3006 479 3069 multo
503 3005 768 3069 honorificentior
791 3005 861 3067 visa
879 3014 929 3068 est
948 3026 1049 3087 quarn
1072 3017 1130 3071 aut

197 3107 260 3180 illa,
284 3129 385 3191 quum
411 3110 516 3171 iurare
540 3107 587 3171 tui
618 3108 703 3171 cives
732 3107 953 3170 Xenocratem
982 3109 1129 3172 testimo·

196 3213 287 3273 nium
325 3211 489 3274 dicentem
519 3210 763 3293 prohibuerunt,
786 3219 843 3271 aut
870 3229 971 3289 quum
999 3210 1129 3274 tabulas

196 3312 321 3375 Metelli
345 3312 519 3386 Numidici,
541 3331 642 3392 quum
664 3330 731 3382 eae,
754 3319 790 3372 ut
816 3331 886 3372 mos
913 3318 970 3385 est,
994 3311 1129 3373 circum-

195 3414 361 3488 ferrentur,
378 3413 479 3476 nostri
500 3413 622 3475 iudices
640 3411 784 3493 aspicere
806 3410 997 3473 noluerunt:
1024 3410 1129 3474 multo

194 3515 284 3590 haec,
300 3514 443 3596 inquam,
460 3523 572 3577 nostra
587 3533 638 3576 res
653 3513 764 3575 maior.
806 3523 836 3590 5.
858 3511 969 3592 itaque
984 3510 1127 3575 iudicum

193 3618 336 3693 vocibus,
352 3637 454 3700 quum
475 3637 537 3700 ego
552 3616 598 3679 sic
613 3616 656 3681 ab
671 3617 710 3680 iis
725 3623 761 3680 ut
776 3614 863 3679 salus
878 3613 1003 3696 patriae
1018 3611 1129 3677 desena
