2748 4144
266 281 304 337 30
426 260 727 321 EPISTOLARUM
755 261 814 318 AD
841 259 1038 320 ATTICUM

267 415 373 489 mode,
404 413 493 494 quod
523 433 598 476 eum
631 432 792 493 nusquam
824 411 942 476 vidisti.
985 412 1087 476 valuit
1113 412 1200 474 enim

267 515 349 596 plus,
365 515 454 595 quod
473 523 542 576 erat
560 514 606 576 illi
625 534 691 577 non
712 513 874 577 nullorum
895 514 1038 577 artificiis
1061 514 1201 576 inculca-

267 628 347 694 tum,
369 638 468 699 quam
491 626 549 680 aut
568 617 711 679 officium
731 626 789 679 aut
808 617 1015 679 necessitudo
1033 626 1090 679 aut
1110 637 1202 679 amor

267 729 375 783 vester
400 719 453 781 ille
479 719 642 800 pristinus,
668 719 722 800 qui
749 717 925 800 plurimum
946 717 1054 781 valere
1080 718 1200 781 debuit.

270 839 296 900 3.
334 830 434 902 atque
468 820 563 883 huius
597 819 795 882 incommodi
830 820 926 901 culpa
964 818 1019 881 ubi
1063 819 1201 882 resideat

269 923 394 986 facilius
413 943 547 1004 possum
569 922 757 984 existimare
779 941 879 1003 quam
900 920 1047 986 scribere.
1091 941 1203 984 vereor

269 1028 356 1088 enim
382 1045 432 1099 ne,
457 1026 536 1087 dum
561 1023 736 1086 defendam
765 1044 864 1099 meos,
885 1043 953 1085 non
972 1043 1103 1105 parcam
1129 1023 1200 1085 tuis,

270 1147 347 1189 nam
376 1128 422 1189 sic
448 1125 605 1206 intelligo,
632 1134 668 1186 ut
698 1124 776 1186 nihil
806 1145 826 1186 a
852 1124 1039 1188 domesticis
1061 1124 1202 1188 vulneris

270 1232 392 1292 sactum
409 1230 458 1302 sit,
476 1228 555 1290 illud
572 1228 704 1309 quidem
720 1227 809 1307 quod
826 1236 896 1289 erat
910 1247 966 1289 eos
984 1235 1071 1289 certe
1088 1246 1202 1289 sanare

270 1331 424 1412 potuisse.
468 1328 526 1390 sed
547 1327 681 1389 huiusce
701 1328 745 1389 rei
769 1328 871 1390 totius
888 1326 1013 1400 vitium,
1036 1327 1124 1408 quod
1146 1325 1203 1389 ali·

270 1439 395 1513 quanto
414 1430 514 1492 etiam
532 1427 630 1490 latius
650 1436 743 1509 patet
763 1447 862 1508 quam
885 1429 1022 1504 videtur,
1041 1430 1202 1510 praesenti

270 1535 330 1597 tibi
349 1530 554 1595 commodius
574 1549 749 1610 exponam.
798 1547 826 1608 4
857 1530 898 1593 de
921 1530 959 1593 iis
983 1530 1105 1607 litteris,
1121 1550 1203 1611 quas

271 1636 313 1696 ad
336 1642 369 1694 te
392 1631 626 1695 Thessalonica
647 1631 745 1704 misit,
768 1632 863 1695 etde
885 1633 1097 1708 sermonibus,
1121 1653 1203 1715 quos

271 1733 391 1796 abillo
414 1742 448 1795 et
469 1734 597 1795 Romae
619 1734 708 1814 apud
732 1734 856 1797 amicos
878 1744 953 1798 tuos
976 1746 1009 1799 et
1033 1737 1066 1799 in
1091 1738 1204 1800 itinere

271 1836 401 1898 habitos
427 1845 533 1917 putas,
561 1836 678 1915 ecquid
708 1844 836 1898 tantum
864 1857 982 1901 causae
1006 1839 1049 1901 sit
1074 1839 1205 1920 ignoro:

272 1938 330 1999 sed
349 1936 455 1999 omnis
478 1937 511 1997 in
533 1945 591 1999 tua
612 1937 720 2018 posita
739 1947 789 2000 est
807 1938 1012 2003 humanitate
1031 1942 1109 2004 mihi
1131 1962 1206 2024 spes

272 2040 368 2101 huius
382 2038 541 2101 levandae
558 2038 736 2101 molestiae.
780 2060 866 2112 nam,
885 2041 911 2102 si
933 2041 978 2104 ita
996 2043 1156 2118 statueris,
1173 2053 1206 2106 et

273 2138 443 2202 irritabiles
461 2139 587 2201 animos
606 2159 676 2202 esse
697 2141 897 2222 optimorum
918 2162 1016 2223 saepe
1036 2142 1205 2206 hominum

273 2255 305 2307 et
327 2243 460 2307 eosdem
482 2240 668 2323 placabiles,
692 2251 725 2304 et
748 2263 819 2305 esse
842 2243 927 2305 hanc
952 2244 1142 2325 agilitatem,
1170 2256 1207 2307 ut

274 2348 319 2407 ita
341 2345 458 2416 dicam,
485 2340 724 2422 mollitiamque
748 2352 883 2405 naturae
905 2343 1097 2427 plerumque
1117 2346 1207 2408 boni-

273 2445 351 2509 tatis
368 2452 410 2520 et,
430 2444 462 2506 id
481 2444 569 2524 quod
591 2454 690 2524 caput
713 2454 770 2521 est,
795 2446 888 2508 nobis
911 2448 994 2510 inter
1016 2468 1075 2511 nos
1097 2458 1207 2512 nostra

259 2592 261 2595 -
274 2550 342 2609 sive
354 2544 563 2608 incommoda
575 2545 643 2607 sive
658 2545 737 2608 vitia
751 2546 821 2609 sive
837 2547 968 2611 iniurias
982 2569 1052 2613 esse
1067 2550 1207 2613 toleran-

275 2648 343 2721 das,
370 2644 464 2708 facile
488 2645 579 2722 haec,
605 2667 704 2728 quem
727 2648 770 2710 ad
791 2650 927 2712 modum
948 2670 1052 2732 spero,
1078 2652 1207 2734 mitiga·

276 2750 402 2809 buntur.
446 2747 535 2828 quod
559 2767 619 2829 ego
643 2757 679 2810 ut
701 2748 800 2810 facias
823 2757 857 2811 te
877 2770 942 2813 or0.
987 2771 1063 2813 nam
1082 2753 1125 2815 ad
1146 2773 1208 2828 me,

275 2850 330 2930 qui
346 2857 379 2911 te
395 2849 488 2911 unice
503 2848 613 2933 diligo,
633 2852 779 2914 maxime
797 2853 939 2934 pertinet
958 2855 1121 2918 neminem
1138 2878 1209 2922 esse

276 2969 367 3010 meor
424 2997 431 3021 ,
448 2950 503 3030 qui
519 2961 577 3012 aut
594 2960 628 3013 te
646 2971 711 3013 non
729 2962 818 3015 amet
838 2963 895 3016 aut
917 2956 976 3018 abs
991 2964 1024 3018 te
1039 2978 1105 3020 non
1121 2979 1210 3022 ame·

275 3060 336 3111 tur.
342 2969 422 3212 β
448 3051 503 3113 illa
521 3070 596 3131 pars
611 3053 768 3134 epistolae
784 3064 860 3117 tuae
875 3056 1009 3119 minime
1024 3056 1085 3120 luit
1100 3079 1209 3123 neces-

276 3151 339 3213 sari
362 3200 370 3225 ,
392 3151 424 3211 in
449 3171 514 3232 qua
538 3154 677 3235 exponis
703 3175 785 3236 quas
807 3154 979 3220 facultates
1000 3170 1058 3223 aut
1081 3163 1211 3243 provin·

277 3252 406 3340 cialium
442 3262 500 3316 aut
541 3255 738 3318 urbanorum
780 3260 1027 3323 commodorum
1066 3272 1100 3325 et
1139 3264 1210 3328 aliis

277 3355 480 3436 temporibus
511 3366 544 3419 et
578 3377 631 3419 me
668 3358 739 3439 ipso
780 3360 913 3423 consule
944 3364 1210 3447 praetermiseris,

278 3456 358 3518 mihi
379 3457 465 3518 enim
489 3468 663 3539 perspecta
682 3470 732 3523 est
753 3461 940 3544 ingenuitas
959 3473 993 3528 et
1016 3468 1211 3548 magnitudo

279 3556 379 3619 animi
398 3559 455 3630 tui,
474 3577 581 3640 neque
600 3580 662 3643 ego
680 3561 835 3626 interme
857 3574 957 3646 atque
976 3574 1011 3629 te
1029 3568 1211 3649 quidquam

280 3657 434 3720 interesse
463 3678 619 3739 umquam
652 3662 733 3724 duxi
766 3673 896 3745 praeter
926 3667 1130 3732 voluntatem
1164 3668 1212 3732 in·
