2748 4144
282 233 316 274 12
443 216 742 276 EPISTOLARUM
769 215 827 281 AD
854 217 1051 276 ATHCUM

280 359 385 422 multa
415 361 508 443 signa
539 370 615 423 sunt
644 361 713 423 eius
744 360 797 436 rei,
822 381 888 424 non
915 364 1096 438 minimum,
1126 364 1216 445 quod

280 482 372 524 soror
397 481 581 544 praegnans
608 471 665 525 est.
714 461 743 525 6.
770 462 812 525 de
833 463 973 525 comitiis
993 464 1074 526 meis
1095 473 1129 527 et
1154 465 1214 528 tibi

188 618 191 623 .
281 584 336 626 me
349 565 535 645 permisisse
551 563 684 626 memini
700 573 733 625 et
750 584 813 645 ego
827 564 893 626 iam
908 565 1034 646 pridem
1050 565 1113 628 hoc
1127 586 1215 629 com·

281 665 435 727 munibus
460 666 583 743 amicis,
611 666 666 747 qui
692 677 727 729 te
753 675 959 747 exspectant,
984 671 1151 749 praedico:
1182 680 1216 733 te

281 785 346 827 non
372 764 472 826 modo
495 785 560 826 non
584 765 701 827 arcessi
724 785 744 826 a
766 785 828 841 me,
851 765 910 827 sed
933 766 1105 847 prohiberi,
1126 770 1215 848 quod

281 864 461 945 intelligam
479 865 584 927 multo
603 866 708 946 magis
723 867 879 930 interesse
893 876 951 930 tua
966 876 1000 930 te
1015 888 1112 948 agere
1126 871 1215 950 quod

280 966 445 1045 agendum
476 974 525 1026 est
554 965 617 1027 hoc
642 977 792 1048 tempore
817 988 917 1049 quam
945 989 1019 1030 mea
1044 980 1077 1032 te
1100 971 1216 1036 adesse

280 1066 430 1129 comitiis.
475 1065 612 1146 proinde
636 1088 676 1130 eo
700 1069 811 1131 animo
834 1078 868 1132 te
892 1069 991 1131 velim
1016 1090 1096 1145 esse,
1121 1072 1215 1150 quasi
1266 1081 1270 1086 '
1369 1056 1370 1089 ³

226 1254 230 1261 ὁ
280 1168 345 1229 mei
369 1168 496 1249 negocii
521 1188 620 1231 causa
643 1171 676 1230 in
700 1171 763 1233 ista
786 1169 860 1233 loca
882 1171 999 1253 missus
1020 1190 1116 1233 esses.
1162 1191 1216 1234 me

280 1276 391 1330 autem
418 1288 494 1330 eum
524 1279 557 1331 et
584 1269 731 1333 offendes
756 1292 834 1353 erga
857 1280 891 1333 te
915 1280 950 1333 et
974 1271 1096 1346 audies,
1121 1273 1214 1351 quasi

280 1372 368 1449 mihi,
383 1373 410 1434 si
430 1392 516 1454 quae
535 1382 630 1454 parta
654 1380 757 1447 erunt,
777 1392 844 1433 non
865 1371 965 1433 modo
985 1380 1018 1433 te
1044 1381 1215 1452 praesente

280 1474 337 1538 sed
353 1495 411 1557 per
425 1485 459 1538 te
474 1485 568 1557 parta
583 1475 658 1536 sint.
698 1473 841 1537 Tulliola
855 1474 915 1535 tibi
931 1474 1019 1536 diem
1034 1474 1101 1550 dat,
1117 1495 1214 1554 spon-

280 1596 387 1639 sorem
403 1575 561 1658 appellat.

719 1772 780 1836 XI.

405 1914 545 1997 (Romae.
592 1913 717 1989 Pisone,
744 1912 915 1978 Glabrione
934 1935 1006 1977 coss.
1029 1915 1117 1996 687.)

563 2055 704 2119 C1cuno
726 2051 871 2116 Arnen
894 2053 927 2117 S.

349 2216 373 2261 1.
419 2198 464 2260 Et
479 2217 555 2260 mea
570 2204 689 2278 sponte
708 2195 868 2258 faciebam
884 2205 982 2258 antea
997 2205 1030 2258 et
1044 2203 1121 2278 post
1135 2196 1215 2257 dua·

281 2298 342 2361 bus
357 2298 503 2379 epistolis
518 2297 584 2360 tuis
598 2296 830 2378 perdiligenter
843 2297 878 2357 in.
887 2298 1039 2359 eamdem
1055 2297 1215 2359 rationem

281 2401 409 2482 scriptis
438 2419 560 2481 magno
589 2418 688 2480 opere
716 2417 789 2459 sum
809 2408 1011 2460 commotus.
1057 2418 1098 2460 eo
1126 2417 1215 2459 acoe-

283 2504 383 2566 debat
397 2504 546 2566 hortator
560 2501 717 2563 adsiduus
729 2499 912 2575 Sallustius,
924 2510 959 2562 ut
972 2519 1102 2581 agerem
1115 2520 1214 2579 quam

283 2598 531 2686 diligentissime
546 2623 620 2665 cum
638 2602 778 2664 Lucceio
801 2600 843 2663 de
860 2609 967 2663 vestra
982 2608 1091 2662 vetere
1110 2600 1215 2680 gratia

282 2705 530 2769 reconcilianda.
574 2704 641 2774 sed,
677 2723 780 2785 quum
817 2703 926 2777 omnia
964 2684 1121 2775 fecissem,
1149 2719 1215 2760 non

283 2809 383 2869 modo
412 2826 486 2870 eam
511 2806 716 2870 voluntatem
746 2805 815 2868 eius
841 2824 926 2886 quae
949 2803 1054 2865 fuerat
1080 2821 1158 2883 erga
1182 2811 1216 2863 te

282 2931 471 2992 recuperare
495 2930 562 2972 non
587 2909 690 2990 potui,
716 2928 830 2971 verum
856 2927 897 2969 ne
923 2925 1055 2969 causam
1082 2904 1216 2985 quidem

283 3013 398 3075 elicere
407 3013 601 3074 immutatae
611 3010 798 3073 voluntatis.
830 3008 961 3071 tametsi
974 3009 1074 3071 iactat
1083 3007 1137 3070 ille
1146 3008 1217 3089 qui-

282 3113 359 3175 dem
372 3112 452 3173 illud
464 3121 559 3173 tuum
572 3110 742 3173 arbitrium
755 3120 788 3173 et
800 3129 839 3172 ea
850 3128 935 3190 quae
950 3109 1016 3170 iam
1031 3116 1102 3169 tum
1114 3127 1216 3188 quum

282 3216 398 3276 aderas
413 3212 579 3275 offendere
599 3213 670 3274 eius
690 3212 837 3274 animum
857 3209 1090 3291 intelligebam,
1104 3217 1216 3273 tamen

282 3317 383 3381 habet
398 3315 556 3397 quiddam
576 3313 723 3396 profecto
738 3314 828 3395 quod
848 3313 954 3394 magis
974 3313 1007 3374 in
1022 3312 1133 3374 animo
1148 3311 1217 3374 eius

283 3418 446 3492 insederit,
469 3415 558 3497 quod
578 3435 684 3497 neque
708 3415 866 3495 epistolae
886 3423 963 3478 tuae
982 3433 1088 3494 neque
1106 3421 1218 3475 nostra

283 3520 449 3603 adlegatio
464 3529 533 3582 tam
546 3527 656 3601 potest
667 3518 762 3581 facile
774 3516 893 3591 delere,
903 3535 1004 3597 quam
1015 3524 1052 3578 tu
1064 3532 1218 3596 praesens

284 3645 351 3688 non
366 3624 466 3687 modo
477 3622 624 3713 oratione
634 3621 693 3684 sed
705 3629 764 3684 tuo
774 3618 866 3683 vultu
882 3617 937 3682 illo
949 3616 1099 3680 familiari
1111 3614 1217 3691 tolles,
