2748 4144
553 237 630 296 rna.
647 239 671 297 1.
694 239 753 297 ΕΡ.
773 256 816 314 19.
1114 261 1153 319 39

219 383 358 447 maiores
379 384 539 464 quasdam
565 404 646 465 opes
672 393 705 448 et
728 383 870 448 firmiora
893 386 1055 467 praesidia
1081 408 1153 453 esse

219 487 415 567 quaerenda.
473 500 501 567 7.
531 487 644 569 itaque
666 487 808 570 primum
831 507 916 563 eum,
938 489 995 569 qui
1015 490 1153 553 nimium

219 588 274 652 diu
290 589 332 651 de
347 588 442 652 rebus
457 589 576 652 nostris
589 598 744 665 tacuerat,
759 590 960 672 Pompeium,
977 592 1103 655 adduxi
1119 596 1152 657 in

219 710 292 752 eam
308 690 520 765 voluntatem,
538 699 574 752 ut
595 689 627 751 in
648 699 763 753 senatu
779 710 846 753 non
860 690 962 754 semel
978 693 1036 754 sed
1052 715 1152 778 saepe

218 791 395 873 multisque
409 791 515 855 verbis
533 789 628 854 huius
649 791 728 853 mihi
748 790 889 855 salutem
908 793 1035 875 imperii
1050 804 1151 877 atque

218 895 306 957 orbis
319 903 476 957 terrarum
493 893 695 958 adiudicarit.
732 895 821 976 quod
838 915 904 957 non
919 904 990 958 tam
1005 896 1151 960 interfuit

167 1015 170 1021 ·
219 1018 442 1080 mea-neque
464 998 550 1061 enim
571 997 646 1061 illae
666 1018 716 1060 res
736 1006 794 1061 aut
814 1000 860 1061 ita
885 1007 962 1060 sunt
986 1000 1151 1073 obscurae,

218 1106 256 1161 ut
281 1099 514 1174 testimonium,
542 1107 600 1162 aut
630 1099 687 1175 ita
703 1100 832 1174 dubiae,
860 1108 897 1162 ut
928 1099 1150 1163 laudationem

217 1200 546 1283 desiderent-quam
561 1202 606 1264 rei
625 1201 785 1284 publicae,
801 1203 891 1283 quod
907 1213 1000 1266 erant
1015 1203 1150 1284 quidam

218 1302 369 1386 improbi,
386 1303 441 1384 qui
461 1302 705 1367 contentionem
724 1304 794 1365 fore
813 1303 957 1385 aliquam
979 1305 1057 1366 mihi
1075 1325 1150 1368 cum

219 1405 375 1488 Pompeio
398 1425 442 1467 ex
461 1425 569 1467 rerum
590 1405 718 1467 illarum
738 1406 940 1468 dissensione
957 1404 1150 1468 arbitraren-

217 1515 278 1571 tur.
314 1525 390 1569 cum
404 1506 467 1569 hoc
481 1527 544 1589 ego
560 1526 613 1570 me
628 1516 722 1569 tanta
740 1506 960 1570 familiaritate
980 1509 1146 1585 coniunxi,

217 1619 254 1673 ut
270 1620 406 1692 uterque
421 1620 568 1674 nostrum
584 1612 617 1674 in
633 1632 692 1674 sua
707 1613 833 1675 ratione
849 1613 1005 1675 munitior
1019 1622 1053 1675 et
1067 1614 1100 1675 in
1116 1634 1150 1677 re

217 1712 348 1794 publica
374 1713 497 1776 firmior
521 1713 583 1776 hac
608 1714 838 1779 coniunctione
868 1734 939 1778 esse
965 1716 1077 1797 possit.
1122 1717 1150 1780 8.

217 1816 294 1879 odia
315 1824 426 1877 autem
448 1815 504 1878 illa
524 1815 718 1878 libidinosae
737 1826 771 1879 et
786 1816 945 1880 delicatae
964 1818 1150 1892 iuventutis,

217 1937 302 1999 quae
323 1928 414 1981 erant
433 1918 466 1981 in
487 1938 540 1981 me
562 1918 705 1994 incitata,
721 1920 766 1983 sic
787 1919 937 2002 mitigata
957 1928 1035 1982 sunt
1050 1921 1149 1982 comi-

216 2030 286 2085 tate
304 2020 447 2103 quadam
470 2040 552 2095 mea,
575 2040 629 2082 me
651 2038 752 2082 unum
771 2029 807 2083 ut
828 2040 942 2084 omnes
962 2021 1009 2084 illi
1031 2021 1157 2084 colant

217 2122 297 2185 nihil
317 2124 382 2185 iam
398 2122 538 2204 denique
557 2142 578 2185 a
599 2142 652 2185 me
672 2142 822 2204 asperum
841 2124 874 2185 in
890 2143 1089 2204 quemquam
1104 2123 1150 2198 fit,

217 2245 278 2289 nec
295 2234 408 2289 tamen
427 2225 607 2305 quidquam
631 2224 788 2306 populare
806 2243 846 2287 ac
866 2223 1070 2298 dissolutum,
1091 2224 1149 2286 sed

216 2325 263 2387 ita
286 2333 468 2406 temperata
489 2333 560 2387 tota
584 2327 667 2387 ratio
691 2333 749 2399 est,
774 2332 810 2387 ut
835 2326 881 2387 rei
901 2324 1052 2406 publicae
1075 2344 1151 2387 con·

214 2428 371 2490 stantiam
401 2436 573 2509 praestem,
605 2428 739 2509 privatis
769 2427 865 2489 rebus
902 2429 982 2489 meis
1017 2436 1151 2508 propter

216 2527 439 2591 infirmitatem
469 2528 637 2604 bonorum,
668 2528 873 2609 iniquitatem
904 2528 1147 2604 malevolorum,

215 2628 328 2692 odium
361 2632 394 2692 in
423 2649 477 2693 me
506 2630 728 2712 improborum
758 2629 936 2694 adhibeam
968 2632 1147 2711 quamdam

215 2732 401 2794 cautionem
416 2740 449 2794 et
464 2731 677 2812 diligentiam,
690 2738 790 2812 atque
805 2733 851 2793 ita
865 2740 977 2794 tamen
994 2732 1043 2794 his
1058 2734 1150 2795 novis

216 2832 365 2894 amicitiis
386 2830 543 2914 implicati
560 2850 681 2905 sumus,
701 2839 737 2895 ut
756 2832 869 2897 crebro
887 2831 967 2893 mihi
987 2831 1077 2894 valer
1096 2832 1151 2895 ille

217 2930 345 2996 Siculus
369 2935 544 2996 insusurret
570 2930 813 3016 [Epicharmus]
838 2932 1035 2995 cantilenam
1060 2932 1150 2995 illam

215 3053 326 3098 suam:

215 3180 312 3266 Νᾶφε
326 3178 380 3244 καὶ
393 3178 527 3262 μέμνασ’
542 3178 697 3246 ἀπιστεῖν.
715 3177 817 3267 ἄρθρα
831 3182 931 3246 ταῦτα
945 3183 1004 3246 τᾶν
1018 3184 1147 3267 φρενῶν.

215 3348 254 3392 ac
268 3337 399 3392 nostrae
413 3329 545 3411 quidem
561 3329 694 3392 rationis
709 3348 748 3393 ac
762 3329 849 3392 vitae
864 3329 956 3410 quasi
972 3330 1150 3410 quamdam

214 3428 364 3507 sormam,
381 3439 417 3493 ut
432 3432 556 3512 opinor,
572 3429 672 3493 vides.
726 3446 756 3511 9.
790 3431 832 3494 de
851 3438 910 3493 tuo
925 3438 1035 3492 autem
1050 3447 1150 3512 nego·

214 3533 266 3596 cio
285 3551 385 3615 saepe
401 3531 445 3595 ad
462 3550 517 3597 me
532 3532 654 3606 scribis,
673 3533 724 3595 cui
742 3532 865 3597 mederi
886 3549 972 3594 nunc
986 3550 1053 3594 non
1076 3551 1151 3613 pos-

214 3653 335 3704 sumus
379 3640 430 3698 est
449 3633 536 3697 enim
556 3631 637 3696 illud
658 3642 791 3697 senatus
813 3630 998 3697 consultum
1021 3651 1151 3697 summa
