2748 4144
544 257 621 316 urs.
637 256 662 315 1.
685 258 743 316 ΕΡ.
763 257 807 315 18.
1103 273 1141 335 35

201 425 231 489 3.
261 408 393 474 adflicta
418 427 469 472 res
495 407 626 490 publica
652 415 702 471 est
727 415 840 488 empto
864 412 1143 491 constupratoque

200 514 327 578 iudicio,
371 513 448 576 vide
472 531 558 593 quae
585 502 651 575 sint
668 519 784 592 postea
802 517 983 573 consecuta.
1029 510 1141 573 consul

199 621 250 676 est
278 613 449 696 impositus
479 615 505 675 is
534 611 638 688 nobis,
667 631 766 694 quem
795 630 893 673 nemo
923 619 1053 692 praeter
1081 630 1141 673 nos

200 714 412 797 philosophos
437 716 581 796 aspicere
605 714 676 777 sine
695 713 850 795 suspiritu
875 722 994 795 posset.
1038 733 1141 796 quan·

200 826 271 879 tum
292 817 356 879 hoe
374 816 510 880 vulnus!
536 815 624 886 sacto
634 807 767 879 senatus
783 816 932 880 consulto
948 818 990 879 de
1005 816 1141 893 ambitu,

200 919 243 981 de
267 919 400 995 iudiciis,
425 917 515 981 nulla
540 918 596 981 lex
623 916 757 1000 perlata,
783 918 973 999 exagitatus
999 926 1141 997 senatus,

200 1020 332 1084 alienati
347 1020 472 1101 equites
489 1020 641 1083 Romani.
685 1019 732 1083 sic
753 1017 807 1081 ille
824 1038 930 1081 annus
952 1018 1019 1081 duo
1033 1017 1141 1082 firma-

200 1133 312 1186 menta
327 1124 372 1185 rei
387 1121 537 1203 publicae
552 1140 610 1203 per
624 1140 678 1183 me
696 1140 796 1182 unum
810 1121 989 1182 constituta
1005 1121 1140 1188 evertit:

201 1230 333 1307 namet
358 1229 491 1283 senatus
520 1223 748 1284 auctoritatem
778 1219 897 1282 abiecit
926 1229 960 1282 et
989 1218 1140 1299 ordinum

201 1322 408 1391 concordiam
426 1322 593 1385 disiunxit.
636 1322 737 1384 instat
756 1321 809 1384 hic
827 1340 914 1384 nunc
931 1319 1010 1404 [ille]
1035 1342 1140 1386 annus

201 1425 357 1507 egregius.
400 1424 467 1485 eius
491 1424 619 1486 initium
645 1423 713 1485 eius
738 1422 828 1483 modi
847 1421 915 1498 suit,
936 1430 973 1485 ut
994 1426 1140 1488 anniver·
1206 1467 1207 1472 κ

199 1525 285 1585 saria
307 1529 407 1585 sacra
420 1520 602 1586 Iuventatis
629 1543 695 1585 non
728 1524 1017 1589 committerentur.
1061 1544 1139 1590 nam

201 1623 249 1686 M.
273 1623 401 1688 Luculli
425 1644 561 1688 uxorem
585 1624 761 1686 Memmius
785 1625 852 1686 suis
873 1627 971 1687 sacris
989 1627 1138 1691 initiavit.

202 1725 372 1788 Menelaus
390 1745 487 1808 aegre
509 1727 542 1790 id
564 1746 679 1809 passus
699 1726 873 1790 divortium
897 1725 981 1791 fecit.
1024 1747 1140 1809 quam·

201 1847 300 1909 quam
329 1827 383 1892 ille
412 1837 525 1910 pastor
554 1829 673 1892 Idaeus
706 1828 893 1892 Menelaum
923 1829 1029 1894 solum
1062 1850 1140 1895 con·

201 1937 387 2010 tempserat,
411 1929 465 1993 hic
487 1939 599 1993 noster
620 1930 710 1993 Paris
731 1940 800 1992 tam
826 1930 1013 1994 Menelaum
1039 1951 1139 2013 quam

200 2030 488 2113 Agamemnonem
504 2031 641 2095 liberum
656 2051 723 2094 non
738 2034 874 2113 putavit.
917 2051 947 2110 4.
962 2043 1012 2096 est
1027 2042 1156 2106 antemi

203 2132 238 2196 C.
270 2133 456 2197 Herennius
487 2136 620 2215 quidam
651 2133 798 2209 tribunus
834 2134 947 2215 plebis,
978 2155 1076 2216 quem
1101 2146 1138 2199 tu

201 2235 338 2299 sortasse
362 2256 405 2298 ne
433 2237 520 2298 nosti
549 2235 701 2316 quidem:
737 2237 867 2297 tametsi
902 2244 996 2317 potes
1032 2255 1137 2310 nosse,

201 2332 327 2397 tribulis
347 2336 434 2396 enim
451 2343 527 2396 tuus
547 2341 650 2396 estet
670 2332 793 2397 Sextus
815 2342 909 2413 pater
930 2335 998 2394 eius
1019 2351 1138 2396 numos

201 2436 294 2498 vobis
319 2436 462 2499 dividere
486 2434 632 2499 solebat:
657 2436 684 2498 is
709 2434 751 2498 ad
774 2434 905 2516 plebem
930 2434 963 2496 P.
985 2433 1137 2499 Clodium

200 2537 350 2611 traducit,
381 2537 535 2618 idemque
563 2535 634 2613 lert,
665 2545 702 2599 ut
732 2538 898 2599 universus
930 2535 1070 2617 populus
1103 2537 1141 2598 in-

201 2657 319 2720 campo
334 2639 456 2701 Martio
469 2637 660 2720 suffragium
675 2638 717 2700 de
732 2658 766 2727 rc
789 2636 895 2701 Clodii
918 2636 1007 2700 serat.
1051 2635 1138 2703 hunc

202 2759 263 2820 ego
282 2740 393 2821 accepi
409 2740 442 2802 in
462 2748 587 2815 senatu,
603 2748 640 2819 ut
657 2737 756 2815 soleo,
771 2738 829 2801 sed
850 2738 929 2801 nihil
944 2747 994 2801 est
1009 2737 1064 2801 illo
1079 2737 1138 2802 ho-

201 2843 289 2904 mine
304 2841 431 2904 lentius.
465 2853 491 2919 5.
509 2840 662 2903 Metellus
677 2849 727 2902 est
739 2838 851 2904 consul
867 2842 1014 2922 egregius
1029 2848 1062 2903 et
1077 2861 1138 2905 nos

201 2954 300 3020 amat,
314 2944 373 3007 sed
388 2945 552 3006 imminuit
566 2944 793 3008 auctoritatem
811 2963 912 3018 suam,
933 2943 1021 3024 quod
1037 2941 1138 3006 habet

201 3046 281 3108 dicis
299 3066 397 3108 causa
415 3044 657 3127 promulgatum
678 3041 788 3125 illud†
796 3044 930 3125 quidem
945 3044 987 3106 de
1009 3043 1136 3107 Clodio.

200 3148 281 3212 Auli
296 3157 406 3212 autem
422 3148 515 3223 filius,
533 3168 554 3211 o
574 3148 607 3212 di
629 3147 848 3210 immortales!
879 3165 978 3228 quam
1000 3145 1138 3225 ignavus

200 3270 240 3314 ac
260 3252 330 3314 sinc
352 3252 462 3313 animo
484 3248 593 3313 milesl
616 3267 715 3329 quam
742 3248 868 3328 dignus,
895 3248 951 3327 qui
974 3245 1137 3322 Palicano,

200 3354 283 3416 sicut
298 3352 384 3424 iacit,
400 3373 437 3416 os
455 3352 497 3415 ad
516 3351 601 3415 male
619 3351 818 3415 audiendum
836 3350 955 3413 cotidie
968 3348 1136 3437 praebeat!

200 3452 230 3516 6.
252 3453 395 3536 Agraria
420 3462 531 3516 autem
556 3451 764 3536 promulgata
789 3459 838 3514 est
863 3471 884 3512 a
910 3449 1032 3524 Flavi0,
1057 3466 1138 3512 sanc

201 3556 290 3635 levis,
320 3558 436 3621 eadem
466 3557 540 3633 sere,
566 3576 652 3639 quae
682 3555 742 3617 suit
770 3553 886 3616 Plotia.
929 3551 988 3614 sed
1013 3551 1137 3614 interea

201 3658 364 3732 πολιτικὲς
386 3657 464 3744 ἀνὴρ
486 3656 547 3724 οὐδ’
570 3656 645 3743 ὄναρ
667 3660 840 3742 quisquam
861 3657 997 3721 inveniri
1019 3665 1136 3740 potest.
