2748 4144
294 254 332 310 το
454 246 756 312 EPISTOLARUM
784 253 844 309 AD
870 253 1068 313 ATTICUM

292 405 411 469 vicium
442 404 551 468 Pisoni
581 405 705 468 consuli
735 405 906 470 mirificum
937 406 1023 483 facit,
1053 408 1081 471 si
1113 409 1147 472 id
1177 421 1228 475 est

291 507 483 584 convicium,
497 528 565 570 vox
585 508 682 590 plena
699 511 877 591 gravitatis,
893 508 991 592 plena
1011 514 1224 591 auctoritatis

291 608 390 691 plena
405 610 546 692 denique
560 609 682 673 salutis.
726 611 852 673 accedit
868 611 985 674 eodem
1001 613 1101 676 etiam
1116 623 1229 678 noster

295 711 502 787 Hortensius
532 712 626 774 multi
656 721 824 794 praeterea
854 713 940 777 boni.
985 713 1120 797 insignis
1150 738 1227 781 vero

292 831 392 893 opera
413 812 549 875 Favonii
573 813 643 876 fuit.
688 814 752 876 hoc
773 834 930 877 concursu
953 817 1150 899 optimatum
1173 839 1228 882 co-

293 919 386 981 mitia
403 916 629 979 dimittuntur:
651 925 783 980 senatus
805 927 948 981 vocatur.
993 939 1094 1000 quum
1117 920 1227 984 decer-

293 1027 423 1081 neretur
444 1017 604 1102 frequenti
626 1024 751 1091 senatu,
771 1027 885 1080 contra
906 1028 1076 1101 pugnante
1100 1020 1226 1097 Pisone,

292 1118 335 1181 ad
358 1118 459 1199 pedes
481 1117 628 1179 omnium
650 1117 840 1199 singillatim
861 1121 1029 1184 accidente
1050 1121 1175 1198 Clodiu,
1192 1134 1228 1188 ut

292 1218 441 1282 consules
470 1217 627 1300 populum
665 1218 914 1283 cohortarentur
950 1222 993 1284 ad
1024 1223 1228 1303 rogationem

292 1319 524 1401 accipiendam,
547 1319 697 1381 homines
720 1319 763 1382 ad
787 1334 839 1382 xv
866 1319 999 1385 Curioni
1029 1322 1154 1385 nullum
1179 1345 1229 1388 se-

293 1430 389 1484 natus
411 1420 595 1484 consultum
626 1420 759 1484 facienti
787 1422 1024 1486 adsenserunt:
1052 1445 1097 1487 ex
1126 1424 1229 1488 altera

295 1536 390 1609 parte
412 1526 506 1589 sacile
535 1538 625 1588 cccc
648 1525 789 1588 suerunt.
834 1534 909 1589 acta
938 1547 988 1589 res
1017 1536 1075 1591 est.
1120 1528 1228 1593 Fufius

292 1628 442 1692 tribunus
456 1636 528 1690 tum
544 1627 712 1689 concessit.
759 1625 897 1692 Clodius
911 1628 1080 1692 contiones
1095 1631 1228 1693 miseras

292 1726 447 1801 habebat,
464 1727 497 1786 in
520 1725 639 1806 quibus
658 1725 842 1802 Lucullum,
867 1726 1091 1801 Hortensium,
1117 1728 1154 1792 C.
1179 1729 1229 1793 Pi-

293 1850 418 1902 sonem,
435 1827 612 1891 Messalam
627 1828 796 1892 consulem
808 1829 1043 1893 contumeliose
1058 1830 1229 1895 laedebat:

294 1953 348 1996 me
362 1940 492 1994 tantum
506 1929 688 2010 compertum
703 1930 812 1993 omnia
828 1931 1067 1995 criminabatur.
1097 1942 1229 1995 senatus

294 2043 328 2098 et
343 2033 384 2095 de
399 2031 571 2115 provinciis
587 2040 775 2113 praetorum
791 2041 824 2095 et
845 2032 887 2095 de
907 2032 1125 2115 legationibus
1140 2043 1173 2097 et
1188 2036 1230 2097 de

294 2137 429 2200 caeteris
459 2135 554 2197 rebus
580 2134 785 2211 decernebat,
810 2143 846 2197 ut
875 2143 953 2197 ante
978 2154 1078 2215 quam
1103 2138 1231 2216 rogatio

294 2238 361 2303 lata
373 2245 457 2301 esset
473 2235 609 2317 nequid
625 2245 782 2317 ageretur.
821 2236 850 2300 6.
873 2235 976 2299 habes
990 2256 1041 2299 res
1054 2236 1231 2314 Romanas,

294 2341 352 2405 sed
375 2349 485 2403 tamen
509 2339 608 2399 etiam
630 2336 719 2413 illud,
743 2336 831 2419 quod
854 2357 920 2399 non
946 2358 1120 2420 speraram,
1144 2340 1229 2403 audi.

296 2440 439 2503 Messala
468 2438 580 2502 consul
595 2446 653 2511 ¹est
675 2439 833 2519 egregius,
856 2438 956 2511 sortis,
977 2447 1138 2512 constane,
1159 2441 1231 2502 dili-

293 2562 383 2623 gens,
394 2543 495 2604 nostri
507 2540 668 2616 laudator,
678 2550 813 2612 amator,
827 2541 980 2604 imitator.
1006 2540 1061 2603 ille
1072 2540 1155 2604 alter
1166 2564 1231 2605 uno

294 2644 373 2706 vitio
389 2644 497 2705 minus
510 2643 655 2717 vitiosus,
672 2643 761 2724 quod
777 2643 869 2716 inere,
879 2640 968 2722 quod
985 2642 1090 2712 somni
1106 2641 1230 2722 plenuS,

294 2743 385 2825 quod
406 2743 584 2824 imperitus,
606 2743 696 2824 quod
718 2739 964 2826 ἀπρακτότατος,
979 2742 1037 2803 sed
1056 2741 1228 2808 voluntate

295 2846 342 2907 ita
363 2843 525 2931 καχέκτης,
549 2854 585 2907 ut
607 2845 800 2926 Pompeium
823 2853 898 2926 post
920 2842 1010 2906 illam
1035 2844 1230 2919 contionem,

295 2947 327 3009 in
343 2966 408 3027 qua
423 2946 466 3009 ab
481 2967 521 3009 eo
536 2956 670 3009 senatus
691 2947 843 3008 laudatus
865 2953 924 3019 est,
941 2944 1051 3007 odisse
1078 2950 1230 3028 coeperit.

295 3049 408 3128 itaque
428 3048 547 3110 mirum
570 3048 603 3108 in
626 3048 762 3110 modum
785 3067 899 3109 omnes
923 3066 942 3109 a
968 3067 1004 3108 se
1027 3046 1131 3110 bonos
1155 3050 1232 3116 alie·

296 3150 393 3213 navit.
437 3169 544 3230 neque
569 3150 603 3212 id
633 3150 739 3231 magis
768 3147 912 3211 amicitia
937 3146 1044 3210 Clodii
1070 3149 1232 3216 adductus

295 3253 373 3317 facit
387 3272 486 3335 quam
498 3251 607 3314 studio
623 3252 825 3333 perditarum
840 3270 945 3312 rerum
960 3259 1060 3332 atque
1079 3253 1230 3333 partium.

295 3357 353 3419 sed
383 3355 484 3417 habet
513 3355 564 3416 sui
594 3352 735 3415 similem
765 3352 798 3414 in
829 3352 1075 3434 magistratibus
1104 3365 1233 3435 praeter

297 3459 427 3522 Fufium
458 3459 631 3520 neminem.
676 3455 770 3518 bonis
799 3455 921 3518 utimur
949 3456 1089 3518 tribunis
1118 3457 1230 3539 plebis

298 3560 444 3625 Cornuto
473 3579 551 3623 uero
581 3559 837 3622 Pseudocatone.
890 3557 969 3639 quid
999 3560 1150 3640 quaeris?
1203 3575 1230 3641 7.

296 3681 382 3725 nunc
405 3670 441 3724 ut
463 3663 506 3724 ad
529 3661 658 3742 privata
680 3659 822 3738 redeam,
844 3657 973 3746 Teircprr
993 3662 1154 3743 promissa
1174 3683 1232 3745 pa·
