2748 4144
253 270 292 327 34
417 253 716 315 EPISTOLARUM
745 257 803 316 AD
830 259 1027 321 ATTICUM

251 406 384 489 publica
398 428 433 471 re
447 407 554 472 socius
573 417 606 472 et
624 410 657 472 in
672 410 806 493 privatis
825 413 976 476 omnibus
995 414 1142 478 conscius
1157 426 1189 480 et

251 510 397 571 omnium
410 530 556 573 meorum
568 531 755 574 sermonum
767 523 800 576 et
812 513 1018 577 consiliorum
1029 515 1189 598 particeps

251 631 322 672 esse
347 609 440 684 soles,
466 611 599 674 ubinam
626 612 683 674 es?
725 615 771 676 ita
794 634 867 676 sum
888 614 930 676 ab
956 617 1108 678 omnibus
1134 618 1189 679 de·

250 713 391 788 stitutus
409 721 446 774 ut
460 722 590 776 tantum
606 715 758 795 requietis
773 716 922 788 habeam,
939 727 1098 797 quantum
1114 737 1188 779 cum
1206 712 1210 721 '

250 838 353 879 uxore
379 826 413 880 et
441 816 542 880 filiola
574 827 608 880 et
637 817 763 881 mellito
794 817 951 882 Cicerone
979 819 1187 882 consumitur.

249 941 326 983 narn
347 919 422 982 illae
445 920 640 982 ambitiosae
659 928 791 983 nostrae
811 920 1007 1002 fucosaeque
1026 923 1188 986 amicitiae

249 1034 325 1085 sunt
346 1023 378 1084 in
398 1021 543 1103 quodam
565 1020 739 1101 splendore
758 1021 885 1098 forensi,
904 1023 1043 1088 fructum
1060 1026 1187 1090 domes·

248 1124 350 1186 ticum
379 1142 446 1185 non
469 1121 603 1184 habent.
646 1122 767 1203 itaque,
794 1143 895 1204 quum
918 1126 1002 1189 bene
1024 1126 1187 1209 completa

249 1226 365 1288 domus
389 1231 438 1287 est
460 1231 608 1304 tempore
630 1225 800 1299 matutino,
818 1244 919 1306 quum
941 1226 984 1289 ad
1005 1225 1110 1291 forum
1129 1229 1186 1291 sti-

249 1328 316 1407 pati
339 1326 492 1407 gregibus
514 1326 694 1388 amicorum
718 1327 954 1403 descendimus,
980 1327 1118 1410 reperire
1141 1347 1185 1390 ex

248 1450 369 1510 magna
384 1429 481 1492 turba
495 1428 660 1490 neminem
676 1448 848 1509 possumus
867 1431 997 1511 quicum
1013 1440 1070 1494 aut
1087 1422 1184 1494 iocari

247 1529 347 1592 libere
379 1536 437 1591 aut
473 1528 635 1610 suspirare
671 1528 871 1594 familiariter
907 1531 1076 1612 possimus.
1120 1551 1185 1612 qua

247 1649 282 1692 re
308 1641 341 1692 te
363 1638 604 1711 exspectamus
631 1639 664 1691 te
688 1630 918 1709 desideramus,
944 1642 978 1695 te
998 1635 1063 1696 iam
1085 1635 1184 1697 etiarn

247 1733 455 1795 arcessimus:
477 1729 581 1792 multa
604 1738 681 1793 sunt
703 1716 810 1807 enim,
823 1751 908 1814 quae
931 1753 985 1797 me
1007 1733 1185 1798 sollicitant

246 1842 447 1913 anguntque,
477 1850 562 1912 quae
590 1829 671 1893 mihi
699 1831 812 1895 videor
844 1852 937 1895 aures
967 1841 1081 1896 nactus
1110 1843 1184 1898 tuas

246 1937 341 1998 unius
369 1933 600 1996 ambulationis
629 1950 779 1997 sermone
808 1934 981 1999 exhaurire
1005 1955 1109 2017 posse.
1155 1950 1184 2003 2.

245 2058 284 2102 ac
310 2038 562 2100 domesticarum
592 2036 724 2117 quidem
761 2035 1015 2100 sollicitudinum
1053 2036 1183 2117 aculeos

245 2162 359 2204 omnes
380 2148 413 2205 et
431 2140 599 2221 scrupulos
616 2139 797 2213 occultab0,
816 2159 923 2221 neque
942 2160 1005 2221 ego
1023 2139 1099 2204 huic
1117 2141 1184 2223 epi·

244 2244 349 2306 stolae
373 2251 473 2323 atque
499 2241 614 2322 ignoto
635 2239 808 2303 tabellario
826 2242 1039 2303 committam.
1083 2249 1187 2324 atque

243 2345 329 2408 hi—
339 2344 416 2406 nolo
431 2344 518 2406 enim
533 2351 566 2404 te
583 2341 889 2421 permoveri—non
899 2351 977 2404 sunt
986 2340 1181 2424 permolesti,

243 2449 301 2511 sed
327 2457 439 2511 tamen
466 2446 608 2509 insident
633 2454 667 2508 et
696 2453 813 2526 urgent
838 2454 872 2509 et
897 2445 1015 2509 nullius
1041 2450 1182 2512 amantis

243 2548 377 2612 consilio
392 2556 449 2611 aut
460 2566 610 2610 sermone
625 2548 837 2627 requiescunt.
860 2548 893 2610 in
908 2568 942 2611 re
957 2547 1181 2630 publicavero,

243 2669 442 2732 quamquam
457 2649 585 2712 animus
600 2655 650 2711 est
664 2645 847 2729 praesens†
860 2658 894 2711 et
907 2648 1057 2712 voluntas
1073 2649 1181 2721 etiam,

242 2759 353 2813 tamen
369 2769 408 2813 ea
428 2750 494 2812 iarn
509 2750 580 2830 ipsa
598 2748 793 2810 medicinam
815 2747 940 2829 refugit.
984 2767 1061 2810 nam
1084 2757 1121 2810 ut
1140 2768 1179 2811 ea

242 2853 389 2927 breviter,
406 2871 491 2933 quae
510 2859 586 2933 post
608 2859 702 2912 tuum
724 2851 902 2913 discessum
922 2859 997 2914 acta
1013 2859 1097 2927 sunt,
1113 2850 1179 2913 col·

242 2954 351 3034 ligam,
362 2956 427 3016 iarn
440 2952 605 3017 exclames
619 2971 750 3014 necesse
759 2960 808 3015 est
819 2971 868 3014 res
879 2951 1046 3014 Romanas
1058 2951 1179 3017 diutius

240 3068 327 3120 stare
351 3077 417 3119 non
444 3076 547 3138 posse.
593 3055 714 3117 etenim
736 3062 811 3135 post
830 3052 1065 3135 profectionem
1086 3062 1177 3119 tuam

240 3160 372 3240 primus,
389 3167 425 3220 ut
445 3158 569 3238 opinor,
585 3157 735 3219 introitus
758 3154 819 3218 luit
838 3157 871 3218 in
893 3174 1025 3219 causam
1048 3155 1178 3222 fabulae

241 3263 429 3335 Clodianae,
460 3263 493 3323 in
522 3279 587 3342 qua
617 3279 679 3341 ego
708 3267 831 3332 nactus
863 3267 899 3322 ut
927 3256 1007 3322 mihi
1031 3258 1177 3335 videbar,

241 3364 347 3428 locum
372 3363 568 3427 resecandae
589 3361 731 3425 libidinis
754 3370 788 3425 et
809 3361 1008 3425 coercendae
1029 3363 1178 3427 iuventu-

239 3467 289 3541 tis,
305 3465 482 3528 vehemens
504 3463 550 3525 fui
572 3472 606 3527 et
625 3482 739 3527 omnes
759 3461 888 3544 profudi
902 3463 986 3526 vires
1004 3462 1104 3526 animi
1125 3470 1177 3527 at·

239 3588 303 3648 que
325 3569 446 3648 ingenii
469 3567 542 3639 mei,
565 3585 632 3628 non
658 3565 735 3628 odio
761 3565 923 3629 adductus
947 3563 1089 3641 alicuius,
1115 3565 1174 3629 sed

238 3687 296 3751 spe
315 3669 359 3729 rei
380 3667 529 3750 publicae
552 3665 760 3748 corrigendae
781 3675 814 3731 et
837 3667 1003 3731 sanandae
1025 3668 1173 3732 civitatis.
1205 3742 1208 3747 y
