2748 4144
285 240 322 294 ιο,
445 222 745 282 EPISTOLARUM
772 223 830 281 AD
858 224 1055 284 ATTICUM

282 369 390 445 βολαί.
435 373 493 435 sed
514 371 624 436 nescio
645 392 687 435 an
708 367 904 451 ταύτόματον
923 369 1020 451 ἡμῶν·
1039 394 1114 436 nam
1139 374 1228 437 mihi

283 472 475 553 Pompeiani
499 469 673 556 πρόδρομοι
701 473 857 535 nunciant
886 483 998 555 aperte
1026 473 1216 556 Pompeium

282 580 429 634 acturum
445 571 596 635 Antonio
615 571 745 633 succedi
761 581 920 653 oportere,
937 574 1120 655 eodemque
1134 584 1217 638 tem-

282 693 361 753 pore
376 682 453 754 aget
468 682 599 755 praetor
618 673 660 734 ad
680 674 846 754 populum.
892 695 942 737 res
963 676 1031 738 eius
1050 676 1140 740 modi
1158 687 1215 750 est,

282 783 318 836 ut
336 795 398 856 ego
419 794 478 836 nec
499 794 559 854 per
576 774 737 836 bonorum
759 793 819 836 nec
840 775 1031 855 popularem
1051 779 1217 839 existIma-

281 877 406 939 tionem
436 875 575 937 honeste
603 875 726 955 possim
757 875 923 938 hominem
949 877 1132 950 defendere,
1158 899 1217 941 nec

281 976 360 1039 mihi
376 976 484 1051 libeat,
497 976 586 1058 quod
599 975 649 1038 vel
666 976 848 1038 maximum
865 987 922 1040 est.
961 980 1082 1041 etenim
1099 981 1217 1043 accidit

280 1079 351 1151 hoc,
367 1079 459 1161 quod
473 1087 582 1141 toturn
598 1079 688 1140 cuius
709 1078 799 1141 modi
818 1080 860 1139 sit
880 1081 1003 1141 mando
1019 1081 1078 1142 tibi
1094 1091 1131 1143 ut
1146 1102 1217 1163 per·

280 1182 406 1263 spicias.
458 1186 489 1243 ‘a
520 1179 673 1243 libertum
713 1200 775 1261 ego
809 1165 924 1253 habe0,
956 1201 1034 1243 sane
1074 1202 1215 1263 nequam

280 1282 457 1356 hominem,
470 1279 620 1342 Hilarum
638 1280 719 1354 dico,
736 1280 999 1343 ratiocinatorem
1015 1291 1048 1343 et
1064 1282 1214 1344 clientem

280 1395 384 1450 tuum.
423 1386 465 1447 de
480 1404 520 1448 eo
536 1382 615 1444 mihi
631 1381 780 1444 Valerius
796 1383 953 1465 interpres
968 1384 1101 1445 nunciat
1117 1383 1215 1447 Chili-

280 1507 382 1569 usque
403 1506 438 1547 se
458 1484 588 1547 audisse
607 1482 718 1545 scribit
739 1482 838 1545 haec:
860 1503 931 1546 esse
954 1483 1120 1546 hominem
1140 1505 1213 1547 cum

279 1587 448 1648 Antonio:
480 1584 665 1647 Antonium
695 1602 793 1664 porro
822 1584 855 1645 in
886 1585 1041 1666 cogendis
1070 1588 1214 1666 pecuniis

280 1687 430 1749 dictitare
453 1693 581 1767 partem
611 1682 689 1745 mihi
714 1684 834 1764 quaeri,
861 1695 936 1748 eta
968 1705 1020 1747 me
1044 1686 1213 1749 custodem

279 1791 462 1852 communis
497 1796 651 1870 quaestus
685 1787 838 1850 libertum
865 1808 936 1850 esse
962 1790 1106 1851 missum.
1149 1810 1214 1853 non

278 1911 352 1953 sum
377 1889 584 1953 mediocriter
608 1898 795 1952 commotus
819 1909 925 1972 neque
948 1898 1060 1951 tamen
1084 1892 1213 1966 credidi,

278 1993 337 2054 sed
360 2002 448 2054 certe
470 1989 593 2072 aliquid
617 1991 776 2053 sermonis
799 1990 869 2054 fuit.
915 2000 1022 2054 totum
1044 1993 1213 2075 investiga,

278 2113 448 2174 cognosce,
462 2093 616 2173 perspice,
630 2101 664 2154 et
679 2092 876 2155 nebulonem
890 2091 990 2169 illum,
1001 2095 1027 2155 si
1039 2115 1105 2175 quo
1117 2106 1213 2177 pacto

279 2204 383 2277 potes,
403 2215 447 2257 ex
466 2195 536 2257 istis
560 2193 640 2256 locis
661 2214 785 2257 amove.
829 2193 924 2257 huius
944 2197 1101 2257 sermonis
1116 2196 1214 2260 Vale·

279 2300 344 2360 rius
371 2306 538 2359 auctorem
564 2295 622 2359 Cn.
648 2295 816 2358 Plancium
847 2297 1046 2360 nominabat.
1092 2300 1212 2361 mando

277 2401 337 2463 tibi
353 2399 450 2480 plane
465 2407 574 2460 totum
590 2405 626 2459 ut
637 2397 749 2460 videas
760 2398 851 2460 cuius
863 2399 952 2461 modi
968 2400 1018 2461 sit.
1057 2416 1086 2477 3.
1118 2399 1213 2461 Pom·

278 2501 389 2580 peium
406 2499 500 2561 nobis
515 2498 749 2561 amicissimum
770 2508 899 2563 constat
914 2521 992 2563 esse.
1037 2501 1212 2564 divortium

277 2602 408 2664 Muciae
427 2601 639 2663 vehementer
658 2601 824 2682 probatur.
871 2601 903 2665 P.
926 2602 1086 2678 Clodium,
1108 2601 1211 2684 Appii

278 2695 322 2774 F,
340 2701 437 2764 credo
456 2710 490 2763 te
506 2701 636 2764 audisse
657 2696 732 2763 cuin
752 2712 844 2765 veste
864 2702 1013 2765 muliebri
1033 2702 1211 2784 deprehen·

275 2823 348 2865 sum
374 2803 465 2865 domi
493 2801 528 2866 C.
557 2801 714 2879 Caesaris,
741 2822 843 2885 quum
872 2824 932 2885 pro
960 2803 1083 2885 populo
1111 2802 1210 2879 fieret,

277 2926 418 2988 eumque
433 2925 492 2987 per
507 2925 623 2969 manus
639 2905 786 2969 servulae
800 2916 964 2970 servatum
985 2915 1019 2968 et
1040 2907 1209 2971 eductum:

276 3029 343 3071 rem
370 3029 441 3071 esse
467 3008 585 3090 insigni
611 3007 763 3070 infamia:
792 3007 881 3089 quod
906 3016 940 3070 te
966 3007 1103 3071 moleste
1128 3008 1211 3074 ferre

275 3119 364 3176 certo
386 3110 461 3173 scio.
510 3127 540 3187 4.
569 3110 649 3191 quid
671 3118 839 3191 praeterea
859 3108 902 3171 ad
925 3118 959 3172 te
981 3110 1121 3173 scribam
1144 3131 1210 3173 non

274 3210 389 3274 habeo.
433 3219 466 3273 et
496 3210 680 3274 mehercule
709 3230 799 3273 eram
828 3211 861 3273 in
886 3211 1057 3274 scribendo
1082 3220 1210 3274 contur-

273 3311 388 3376 batior.
432 3330 509 3373 nam
529 3331 611 3393 puer
630 3310 773 3384 festivus,
792 3307 993 3392 ἀνογνώστης
1013 3307 1132 3388 noster,
1149 3311 1210 3376 So·

273 3413 397 3478 sitheus
422 3414 608 3478 decesserat
634 3434 753 3497 meque
779 3413 862 3497 plus,
886 3435 987 3497 quam
1011 3416 1097 3479 'servi
1123 3435 1210 3478 mors

274 3515 395 3579 debere
409 3515 592 3592 videbatur,
611 3525 844 3579 commoverat„
882 3526 918 3580 tu
933 3516 1032 3581 velim
1053 3536 1152 3599 saepe
1166 3517 1209 3578 ad

274 3637 333 3681 nos
348 3618 477 3681 scribas.
523 3618 549 3681 si
572 3638 640 3682 rem
665 3616 789 3682 nullam
808 3615 955 3693 habebis,
972 3618 1061 3701 quod
1083 3617 1114 3679 in
1133 3617 1210 3680 buc·
