<?xml version="1.0" encoding="UTF-8"?>
<!DOCTYPE html PUBLIC "-//W3C//DTD XHTML 1.0 Transitional//EN"
    "http://www.w3.org/TR/xhtml1/DTD/xhtml1-transitional.dtd">
<html xmlns="http://www.w3.org/1999/xhtml" xml:lang="en" lang="en">
 <head>
  <title>
</title>
<meta http-equiv="Content-Type" content="text/html;charset=utf-8" />
  <meta name='ocr-system' content='tesseract 3.04.00' />
  <meta name='ocr-capabilities' content='ocr_page ocr_carea ocr_par ocr_line ocrx_word'/>
</head>
<body>
  <div class='ocr_page' id='page_1' title='image "./lettersciceroto00pretgoog/lettersciceroto00pretgoog_0048.png"; bbox 0 0 2748 4144; ppageno 0'>
   <div class='ocr_carea' id='block_1_1' title="bbox 449 277 1184 359">
    <p class='ocr_par' dir='ltr' id='par_1_1' title="bbox 449 277 1184 359">
     <span class='ocr_line' id='line_1_1' title="bbox 449 277 1184 359; baseline 0.01 -23"><span class='ocrx_word' id='word_1_1' title='bbox 449 277 524 336; x_wconf 90' lang='lat' dir='ltr'><strong>LIB.</strong></span> <span class='ocrx_word' id='word_1_2' title='bbox 542 279 567 338; x_wconf 92' lang='lat'>1.</span> <span class='ocrx_word' id='word_1_3' title='bbox 589 280 648 338; x_wconf 82' lang='grc' dir='ltr'>ΕΡ.</span> <span class='ocrx_word' id='word_1_4' title='bbox 667 298 773 355; x_wconf 86' lang='lat'>12,13.</span> <span class='ocrx_word' id='word_1_5' title='bbox 1074 298 1107 359; x_wconf 83' lang='lat'>15</span> <span class='ocrx_word' id='word_1_6' title='bbox 1182 310 1184 313; x_wconf 49' lang='lat'><strong><em>¹</em></strong></span> 
     </span>
    </p>
   </div>
   <div class='ocr_carea' id='block_1_2' title="bbox 168 427 1106 593">
    <p class='ocr_par' dir='ltr' id='par_1_2' title="bbox 168 427 1106 593">
     <span class='ocr_line' id='line_1_2' title="bbox 168 427 1106 497; baseline 0.005 -6"><span class='ocrx_word' id='word_1_7' title='bbox 168 439 241 491; x_wconf 78' lang='lat' dir='ltr'>c&#39;am</span> <span class='ocrx_word' id='word_1_8' title='bbox 256 427 380 492; x_wconf 86' lang='lat' dir='ltr'>uenerit</span> <span class='ocrx_word' id='word_1_9' title='bbox 398 429 538 493; x_wconf 87' lang='lat' dir='ltr'><strong>scribito.</strong></span> <span class='ocrx_word' id='word_1_10' title='bbox 583 428 658 493; x_wconf 89' lang='lat' dir='ltr'>Kal.</span> <span class='ocrx_word' id='word_1_11' title='bbox 681 430 807 495; x_wconf 88' lang='lat' dir='ltr'><strong>Ianuar.</strong></span> <span class='ocrx_word' id='word_1_12' title='bbox 828 431 873 495; x_wconf 91' lang='lat' dir='ltr'>M.</span> <span class='ocrx_word' id='word_1_13' title='bbox 894 431 1038 495; x_wconf 81' lang='lat' dir='ltr'>Messala</span> <span class='ocrx_word' id='word_1_14' title='bbox 1061 433 1106 497; x_wconf 74' lang='lat' dir='ltr'>nt</span> 
     </span>
     <span class='ocr_line' id='line_1_3' title="bbox 169 529 384 593; baseline 0.009 -2"><span class='ocrx_word' id='word_1_15' title='bbox 169 529 287 593; x_wconf 87' lang='lat' dir='ltr'><strong>Pisone</strong></span> <span class='ocrx_word' id='word_1_16' title='bbox 301 549 384 593; x_wconf 93' lang='lat' dir='ltr'>coss.</span> 
     </span>
    </p>
   </div>
   <div class='ocr_carea' id='block_1_3' title="bbox 297 745 974 972">
    <p class='ocr_par' dir='ltr' id='par_1_3' title="bbox 297 745 974 972">
     <span class='ocr_line' id='line_1_4' title="bbox 587 745 687 811; baseline 0.02 -2"><span class='ocrx_word' id='word_1_17' title='bbox 587 745 687 811; x_wconf 88' lang='lat' dir='ltr'><strong>XIII.</strong></span> 
     </span>
     <span class='ocr_line' id='line_1_5' title="bbox 297 875 974 972; baseline 0.001 -31"><span class='ocrx_word' id='word_1_18' title='bbox 297 879 437 962; x_wconf 77' lang='lat' dir='ltr'>(Romae.</span> <span class='ocrx_word' id='word_1_19' title='bbox 479 875 633 951; x_wconf 82' lang='lat' dir='ltr'><em>Messala,</em></span> <span class='ocrx_word' id='word_1_20' title='bbox 655 879 775 942; x_wconf 80' lang='lat' dir='ltr'><em>Pisone</em></span> <span class='ocrx_word' id='word_1_21' title='bbox 793 898 867 972; x_wconf 80' lang='lat' dir='ltr'>coss.</span> <span class='ocrx_word' id='word_1_22' title='bbox 890 879 974 961; x_wconf 87' lang='lat'><strong>693.)</strong></span> 
     </span>
    </p>
   </div>
   <div class='ocr_carea' id='block_1_4' title="bbox 456 1008 857 1078">
    <p class='ocr_par' dir='ltr' id='par_1_4' title="bbox 456 1008 857 1078">
     <span class='ocr_line' id='line_1_6' title="bbox 456 1008 857 1078; baseline 0 -1"><span class='ocrx_word' id='word_1_23' title='bbox 456 1013 595 1078; x_wconf 76' lang='lat' dir='ltr'>Cremo</span> <span class='ocrx_word' id='word_1_24' title='bbox 616 1008 759 1076; x_wconf 82' lang='lat' dir='ltr'>Arrrco</span> <span class='ocrx_word' id='word_1_25' title='bbox 782 1012 817 1077; x_wconf 89' lang='lat' dir='ltr'>S.</span> <span class='ocrx_word' id='word_1_26' title='bbox 855 1014 857 1018; x_wconf 82' lang='grc'>’</span> 
     </span>
    </p>
   </div>
   <div class='ocr_carea' id='block_1_5' title="bbox 164 1148 1105 2048">
    <p class='ocr_par' dir='ltr' id='par_1_5' title="bbox 164 1148 1105 2048">
     <span class='ocr_line' id='line_1_7' title="bbox 168 1148 1101 1233; baseline 0.001 -19"><span class='ocrx_word' id='word_1_27' title='bbox 168 1200 171 1205; x_wconf 78' lang='grc'><strong>.</strong></span> <span class='ocrx_word' id='word_1_28' title='bbox 235 1169 259 1215; x_wconf 91' lang='lat'>1.</span> <span class='ocrx_word' id='word_1_29' title='bbox 304 1150 428 1233; x_wconf 84' lang='lat' dir='ltr'>Accepi</span> <span class='ocrx_word' id='word_1_30' title='bbox 443 1159 518 1213; x_wconf 92' lang='lat' dir='ltr'>tuas</span> <span class='ocrx_word' id='word_1_31' title='bbox 535 1159 600 1213; x_wconf 89' lang='lat' dir='ltr'>tres</span> <span class='ocrx_word' id='word_1_32' title='bbox 618 1149 684 1212; x_wconf 85' lang='lat' dir='ltr'>iam</span> <span class='ocrx_word' id='word_1_33' title='bbox 705 1148 885 1232; x_wconf 72' lang='lat' dir='ltr'>epistolas:</span> <span class='ocrx_word' id='word_1_34' title='bbox 903 1170 1002 1213; x_wconf 89' lang='lat' dir='ltr'>unam</span> <span class='ocrx_word' id='word_1_35' title='bbox 1019 1173 1039 1213; x_wconf 93' lang='lat' dir='ltr'>a</span> <span class='ocrx_word' id='word_1_36' title='bbox 1056 1152 1101 1215; x_wconf 88' lang='lat' dir='ltr'>M.</span> 
     </span>
     <span class='ocr_line' id='line_1_8' title="bbox 169 1251 1102 1335; baseline 0.001 -17"><span class='ocrx_word' id='word_1_37' title='bbox 169 1253 433 1335; x_wconf 89' lang='lat' dir='ltr'>Comeli0,quam</span> <span class='ocrx_word' id='word_1_38' title='bbox 444 1252 562 1314; x_wconf 87' lang='lat' dir='ltr'>Tribus</span> <span class='ocrx_word' id='word_1_39' title='bbox 572 1251 738 1329; x_wconf 89' lang='lat' dir='ltr'>Tabernis,</span> <span class='ocrx_word' id='word_1_40' title='bbox 749 1262 785 1316; x_wconf 91' lang='lat' dir='ltr'>ut</span> <span class='ocrx_word' id='word_1_41' title='bbox 794 1254 917 1334; x_wconf 88' lang='lat' dir='ltr'>opinor,</span> <span class='ocrx_word' id='word_1_42' title='bbox 928 1253 957 1316; x_wconf 92' lang='lat' dir='ltr'>ei</span> <span class='ocrx_word' id='word_1_43' title='bbox 969 1254 1102 1319; x_wconf 87' lang='lat' dir='ltr'>dedisti:</span> 
     </span>
     <span class='ocr_line' id='line_1_9' title="bbox 168 1353 1102 1437; baseline 0.003 -20"><span class='ocrx_word' id='word_1_44' title='bbox 168 1355 424 1437; x_wconf 89' lang='lat' dir='ltr'>alteram,·quam</span> <span class='ocrx_word' id='word_1_45' title='bbox 440 1354 519 1415; x_wconf 93' lang='lat' dir='ltr'>mihi</span> <span class='ocrx_word' id='word_1_46' title='bbox 529 1353 712 1417; x_wconf 87' lang='lat' dir='ltr'>Canusinus</span> <span class='ocrx_word' id='word_1_47' title='bbox 727 1364 802 1418; x_wconf 88' lang='lat' dir='ltr'>tuus</span> <span class='ocrx_word' id='word_1_48' title='bbox 817 1355 936 1437; x_wconf 86' lang='lat' dir='ltr'>hospes</span> <span class='ocrx_word' id='word_1_49' title='bbox 948 1356 1102 1420; x_wconf 87' lang='lat' dir='ltr'>reddidit:</span> 
     </span>
     <span class='ocr_line' id='line_1_10' title="bbox 167 1455 1101 1540; baseline 0.003 -21"><span class='ocrx_word' id='word_1_50' title='bbox 167 1458 307 1532; x_wconf 83' lang='lat' dir='ltr'>tertiam,</span> <span class='ocrx_word' id='word_1_51' title='bbox 319 1477 427 1537; x_wconf 91' lang='lat' dir='ltr'>quam,</span> <span class='ocrx_word' id='word_1_52' title='bbox 442 1466 477 1518; x_wconf 92' lang='lat' dir='ltr'>ut</span> <span class='ocrx_word' id='word_1_53' title='bbox 489 1455 610 1532; x_wconf 89' lang='lat' dir='ltr'>scribis,</span> <span class='ocrx_word' id='word_1_54' title='bbox 622 1457 748 1519; x_wconf 90' lang='lat' dir='ltr'>ancoris</span> <span class='ocrx_word' id='word_1_55' title='bbox 763 1457 899 1520; x_wconf 88' lang='lat' dir='ltr'>sublatis</span> <span class='ocrx_word' id='word_1_56' title='bbox 912 1458 953 1519; x_wconf 88' lang='lat' dir='ltr'>de</span> <span class='ocrx_word' id='word_1_57' title='bbox 965 1456 1101 1540; x_wconf 90' lang='lat' dir='ltr'>phaselo</span> 
     </span>
     <span class='ocr_line' id='line_1_11' title="bbox 164 1544 1101 1640; baseline 0.003 -21"><span class='ocrx_word' id='word_1_58' title='bbox 164 1558 302 1621; x_wconf 89' lang='lat' dir='ltr'>dedisti:</span> <span class='ocrx_word' id='word_1_59' title='bbox 318 1578 402 1639; x_wconf 90' lang='lat' dir='ltr'>quae</span> <span class='ocrx_word' id='word_1_60' title='bbox 422 1556 551 1620; x_wconf 83' lang='lat' dir='ltr'>suerunt</span> <span class='ocrx_word' id='word_1_61' title='bbox 571 1576 685 1620; x_wconf 89' lang='lat' dir='ltr'>omnes</span> <span class='ocrx_word' id='word_1_62' title='bbox 703 1562 722 1623; x_wconf 88' lang='lat'>†</span> <span class='ocrx_word' id='word_1_63' title='bbox 740 1557 914 1622; x_wconf 88' lang='lat' dir='ltr'>rhetorum.</span> <span class='ocrx_word' id='word_1_64' title='bbox 958 1580 1038 1640; x_wconf 92' lang='lat' dir='ltr'>pure</span> <span class='ocrx_word' id='word_1_65' title='bbox 1053 1544 1101 1622; x_wconf 62' lang='lat' dir='ltr'>loss</span> 
     </span>
     <span class='ocr_line' id='line_1_12' title="bbox 166 1657 1100 1742; baseline -0.001 -19"><span class='ocrx_word' id='word_1_66' title='bbox 166 1669 427 1742; x_wconf 87' lang='lat' dir='ltr'>quuntur,quum</span> <span class='ocrx_word' id='word_1_67' title='bbox 437 1657 649 1721; x_wconf 89' lang='lat' dir='ltr'>humanitatis</span> <span class='ocrx_word' id='word_1_68' title='bbox 658 1657 868 1740; x_wconf 87' lang='lat' dir='ltr'>sparsaesale</span> <span class='ocrx_word' id='word_1_69' title='bbox 877 1667 947 1721; x_wconf 92' lang='lat' dir='ltr'>tum</span> <span class='ocrx_word' id='word_1_70' title='bbox 958 1659 1100 1741; x_wconf 83' lang='lat' dir='ltr'>insignes</span> 
     </span>
     <span class='ocr_line' id='line_1_13' title="bbox 165 1760 1100 1843; baseline 0 -18"><span class='ocrx_word' id='word_1_71' title='bbox 165 1762 286 1825; x_wconf 87' lang='lat' dir='ltr'>amoris</span> <span class='ocrx_word' id='word_1_72' title='bbox 301 1761 395 1825; x_wconf 92' lang='lat' dir='ltr'>notis.</span> <span class='ocrx_word' id='word_1_73' title='bbox 439 1760 556 1842; x_wconf 93' lang='lat' dir='ltr'>quibus</span> <span class='ocrx_word' id='word_1_74' title='bbox 571 1761 716 1842; x_wconf 92' lang='lat' dir='ltr'>epistolis</span> <span class='ocrx_word' id='word_1_75' title='bbox 731 1782 804 1824; x_wconf 90' lang='lat' dir='ltr'>sum</span> <span class='ocrx_word' id='word_1_76' title='bbox 819 1761 972 1843; x_wconf 89' lang='lat' dir='ltr'>equidem</span> <span class='ocrx_word' id='word_1_77' title='bbox 992 1762 1051 1824; x_wconf 91' lang='lat' dir='ltr'>abs</span> <span class='ocrx_word' id='word_1_78' title='bbox 1066 1772 1100 1825; x_wconf 90' lang='lat' dir='ltr'>te</span> 
     </span>
     <span class='ocr_line' id='line_1_14' title="bbox 166 1861 1105 1939; baseline -0.002 -13"><span class='ocrx_word' id='word_1_79' title='bbox 166 1864 334 1928; x_wconf 89' lang='lat' dir='ltr'>lacessitus</span> <span class='ocrx_word' id='word_1_80' title='bbox 356 1862 399 1926; x_wconf 90' lang='lat' dir='ltr'>ad</span> <span class='ocrx_word' id='word_1_81' title='bbox 421 1861 638 1938; x_wconf 88' lang='lat' dir='ltr'>scribendum,</span> <span class='ocrx_word' id='word_1_82' title='bbox 661 1862 718 1925; x_wconf 91' lang='lat' dir='ltr'>sed</span> <span class='ocrx_word' id='word_1_83' title='bbox 741 1862 861 1925; x_wconf 91' lang='lat' dir='ltr'>idcirco</span> <span class='ocrx_word' id='word_1_84' title='bbox 876 1882 949 1925; x_wconf 92' lang='lat' dir='ltr'>sum</span> <span class='ocrx_word' id='word_1_85' title='bbox 967 1863 1105 1939; x_wconf 73' lang='lat' dir='ltr'>tardior,</span> 
     </span>
     <span class='ocr_line' id='line_1_15' title="bbox 165 1964 1098 2048; baseline 0 -20"><span class='ocrx_word' id='word_1_86' title='bbox 165 1965 256 2048; x_wconf 88' lang='lat' dir='ltr'>quod</span> <span class='ocrx_word' id='word_1_87' title='bbox 268 1985 333 2027; x_wconf 91' lang='lat' dir='ltr'>non</span> <span class='ocrx_word' id='word_1_88' title='bbox 343 1965 472 2028; x_wconf 89' lang='lat' dir='ltr'>invenio</span> <span class='ocrx_word' id='word_1_89' title='bbox 483 1964 614 2027; x_wconf 88' lang='lat' dir='ltr'>fidelem</span> <span class='ocrx_word' id='word_1_90' title='bbox 630 1965 843 2029; x_wconf 90' lang='lat' dir='ltr'>tabellarium.</span> <span class='ocrx_word' id='word_1_91' title='bbox 875 1975 995 2046; x_wconf 92' lang='lat' dir='ltr'>quotus</span> <span class='ocrx_word' id='word_1_92' title='bbox 1011 1967 1098 2028; x_wconf 85' lang='lat' dir='ltr'>enirn</span> 
     </span>
    </p>
   </div>
   <div class='ocr_carea' id='block_1_6' title="bbox 165 2065 1099 2151">
    <p class='ocr_par' dir='ltr' id='par_1_6' title="bbox 165 2065 1099 2151">
     <span class='ocr_line' id='line_1_16' title="bbox 165 2065 1099 2151; baseline 0.001 -21"><span class='ocrx_word' id='word_1_93' title='bbox 165 2068 304 2151; x_wconf 92' lang='lat' dir='ltr'>quisque</span> <span class='ocrx_word' id='word_1_94' title='bbox 330 2077 379 2130; x_wconf 91' lang='lat' dir='ltr'>est</span> <span class='ocrx_word' id='word_1_95' title='bbox 401 2067 458 2149; x_wconf 92' lang='lat' dir='ltr'>qui</span> <span class='ocrx_word' id='word_1_96' title='bbox 482 2066 656 2147; x_wconf 89' lang='lat' dir='ltr'>epistolam</span> <span class='ocrx_word' id='word_1_97' title='bbox 679 2065 791 2148; x_wconf 91' lang='lat' dir='ltr'>paullo</span> <span class='ocrx_word' id='word_1_98' title='bbox 811 2069 993 2148; x_wconf 86' lang='lat' dir='ltr'>graviorem</span> <span class='ocrx_word' id='word_1_99' title='bbox 1016 2068 1099 2131; x_wconf 88' lang='lat' dir='ltr'>serre</span> 
     </span>
    </p>
   </div>
   <div class='ocr_carea' id='block_1_7' title="bbox 164 2168 1097 2353">
    <p class='ocr_par' dir='ltr' id='par_1_7' title="bbox 164 2168 1097 2353">
     <span class='ocr_line' id='line_1_17' title="bbox 165 2168 1097 2251; baseline 0.003 -21"><span class='ocrx_word' id='word_1_100' title='bbox 165 2170 278 2250; x_wconf 89' lang='lat' dir='ltr'>possit,</span> <span class='ocrx_word' id='word_1_101' title='bbox 295 2170 355 2232; x_wconf 91' lang='lat' dir='ltr'>nisi</span> <span class='ocrx_word' id='word_1_102' title='bbox 379 2190 452 2232; x_wconf 91' lang='lat' dir='ltr'>eam</span> <span class='ocrx_word' id='word_1_103' title='bbox 473 2168 667 2251; x_wconf 89' lang='lat' dir='ltr'>pellectione</span> <span class='ocrx_word' id='word_1_104' title='bbox 687 2168 858 2232; x_wconf 89' lang='lat' dir='ltr'>relevarit?</span> <span class='ocrx_word' id='word_1_105' title='bbox 902 2171 1029 2233; x_wconf 85' lang='lat' dir='ltr'>accedit</span> <span class='ocrx_word' id='word_1_106' title='bbox 1047 2169 1097 2246; x_wconf 85' lang='lat' dir='ltr'>e0,</span> 
     </span>
     <span class='ocr_line' id='line_1_18' title="bbox 164 2266 1097 2353; baseline 0 -20"><span class='ocrx_word' id='word_1_107' title='bbox 164 2271 255 2353; x_wconf 92' lang='lat' dir='ltr'>quod</span> <span class='ocrx_word' id='word_1_108' title='bbox 282 2270 361 2332; x_wconf 91' lang='lat' dir='ltr'>mihi</span> <span class='ocrx_word' id='word_1_109' title='bbox 385 2289 449 2332; x_wconf 91' lang='lat' dir='ltr'>non</span> <span class='ocrx_word' id='word_1_110' title='bbox 473 2316 573 2334; x_wconf 90' lang='lat'><strong>.....</strong></span> <span class='ocrx_word' id='word_1_111' title='bbox 596 2280 654 2345; x_wconf 89' lang='lat' dir='ltr'>est,</span> <span class='ocrx_word' id='word_1_112' title='bbox 680 2270 878 2351; x_wconf 91' lang='lat' dir='ltr'>utquisque</span> <span class='ocrx_word' id='word_1_113' title='bbox 904 2270 936 2331; x_wconf 94' lang='lat' dir='ltr'>in</span> <span class='ocrx_word' id='word_1_114' title='bbox 961 2266 1097 2352; x_wconf 90' lang='lat' dir='ltr'>Epirum</span> 
     </span>
    </p>
   </div>
   <div class='ocr_carea' id='block_1_8' title="bbox 66 2366 1096 2455">
    <p class='ocr_par' dir='ltr' id='par_1_8' title="bbox 66 2366 1096 2455">
     <span class='ocr_line' id='line_1_19' title="bbox 66 2366 1096 2455; baseline -0.003 -20"><span class='ocrx_word' id='word_1_115' title='bbox 66 2414 70 2424; x_wconf 86' lang='lat'><strong>·</strong></span> <span class='ocrx_word' id='word_1_116' title='bbox 165 2373 385 2455; x_wconf 87' lang='lat' dir='ltr'>proficiscitur.</span> <span class='ocrx_word' id='word_1_117' title='bbox 431 2372 604 2454; x_wconf 83' lang='lat' dir='ltr'>egoenim</span> <span class='ocrx_word' id='word_1_118' title='bbox 633 2380 667 2434; x_wconf 90' lang='lat' dir='ltr'>te</span> <span class='ocrx_word' id='word_1_119' title='bbox 698 2371 843 2447; x_wconf 89' lang='lat' dir='ltr'>arbitror,</span> <span class='ocrx_word' id='word_1_120' title='bbox 874 2371 976 2433; x_wconf 91' lang='lat' dir='ltr'>caesis</span> <span class='ocrx_word' id='word_1_121' title='bbox 1008 2366 1096 2451; x_wconf 90' lang='lat' dir='ltr'>apud</span> 
     </span>
    </p>
   </div>
   <div class='ocr_carea' id='block_1_9' title="bbox 164 2470 1106 3763">
    <p class='ocr_par' dir='ltr' id='par_1_9' title="bbox 164 2470 1106 3763">
     <span class='ocr_line' id='line_1_20' title="bbox 165 2470 1097 2557; baseline -0.005 -19"><span class='ocrx_word' id='word_1_122' title='bbox 165 2475 378 2538; x_wconf 88' lang='lat' dir='ltr'>Amaltheam</span> <span class='ocrx_word' id='word_1_123' title='bbox 394 2483 486 2536; x_wconf 90' lang='lat' dir='ltr'>tuam</span> <span class='ocrx_word' id='word_1_124' title='bbox 500 2474 648 2550; x_wconf 90' lang='lat' dir='ltr'>victimis,</span> <span class='ocrx_word' id='word_1_125' title='bbox 659 2473 771 2535; x_wconf 82' lang='lat' dir='ltr'>statIm</span> <span class='ocrx_word' id='word_1_126' title='bbox 783 2491 853 2534; x_wconf 90' lang='lat' dir='ltr'>esse</span> <span class='ocrx_word' id='word_1_127' title='bbox 864 2473 906 2534; x_wconf 89' lang='lat' dir='ltr'>ad</span> <span class='ocrx_word' id='word_1_128' title='bbox 921 2470 1097 2557; x_wconf 88' lang='lat' dir='ltr'>Sicyonem</span> 
     </span>
     <span class='ocr_line' id='line_1_21' title="bbox 164 2573 1097 2659; baseline -0.005 -20"><span class='ocrx_word' id='word_1_129' title='bbox 164 2577 424 2659; x_wconf 86' lang='lat' dir='ltr'>oppugnandum</span> <span class='ocrx_word' id='word_1_130' title='bbox 444 2575 636 2657; x_wconf 84' lang='lat' dir='ltr'>proiectum.</span> <span class='ocrx_word' id='word_1_131' title='bbox 680 2594 786 2656; x_wconf 92' lang='lat' dir='ltr'>neque</span> <span class='ocrx_word' id='word_1_132' title='bbox 806 2583 917 2637; x_wconf 90' lang='lat' dir='ltr'>tamen</span> <span class='ocrx_word' id='word_1_133' title='bbox 938 2573 971 2635; x_wconf 92' lang='lat' dir='ltr'>id</span> <span class='ocrx_word' id='word_1_134' title='bbox 989 2573 1097 2654; x_wconf 93' lang='lat' dir='ltr'>ipsum</span> 
     </span>
     <span class='ocr_line' id='line_1_22' title="bbox 165 2675 1098 2761; baseline -0.006 -18"><span class='ocrx_word' id='word_1_135' title='bbox 165 2691 290 2743; x_wconf 91' lang='lat' dir='ltr'>certum</span> <span class='ocrx_word' id='word_1_136' title='bbox 305 2678 411 2742; x_wconf 89' lang='lat' dir='ltr'>habeo</span> <span class='ocrx_word' id='word_1_137' title='bbox 426 2678 559 2761; x_wconf 89' lang='lat' dir='ltr'>quando</span> <span class='ocrx_word' id='word_1_138' title='bbox 575 2677 617 2740; x_wconf 94' lang='lat' dir='ltr'>ad</span> <span class='ocrx_word' id='word_1_139' title='bbox 630 2677 813 2740; x_wconf 92' lang='lat' dir='ltr'>Antonium</span> <span class='ocrx_word' id='word_1_140' title='bbox 825 2675 1029 2757; x_wconf 89' lang='lat' dir='ltr'>proficiscare</span> <span class='ocrx_word' id='word_1_141' title='bbox 1040 2684 1098 2738; x_wconf 90' lang='lat' dir='ltr'>aut</span> 
     </span>
     <span class='ocr_line' id='line_1_23' title="bbox 165 2778 1098 2865; baseline -0.005 -20"><span class='ocrx_word' id='word_1_142' title='bbox 165 2783 244 2865; x_wconf 90' lang='lat' dir='ltr'>quid</span> <span class='ocrx_word' id='word_1_143' title='bbox 260 2783 292 2844; x_wconf 96' lang='lat' dir='ltr'>in</span> <span class='ocrx_word' id='word_1_144' title='bbox 310 2782 410 2864; x_wconf 88' lang='lat' dir='ltr'>Epiro</span> <span class='ocrx_word' id='word_1_145' title='bbox 425 2782 582 2862; x_wconf 91' lang='lat' dir='ltr'>temporis</span> <span class='ocrx_word' id='word_1_146' title='bbox 602 2800 713 2862; x_wconf 91' lang='lat' dir='ltr'>ponas.</span> <span class='ocrx_word' id='word_1_147' title='bbox 759 2779 804 2841; x_wconf 87' lang='lat' dir='ltr'>ita</span> <span class='ocrx_word' id='word_1_148' title='bbox 820 2799 927 2861; x_wconf 90' lang='lat' dir='ltr'>neque</span> <span class='ocrx_word' id='word_1_149' title='bbox 943 2778 1098 2841; x_wconf 89' lang='lat' dir='ltr'>Achaicis</span> 
     </span>
     <span class='ocr_line' id='line_1_24' title="bbox 164 2880 1097 2964; baseline -0.003 -17"><span class='ocrx_word' id='word_1_150' title='bbox 164 2884 350 2947; x_wconf 84' lang='lat' dir='ltr'>homiuibus</span> <span class='ocrx_word' id='word_1_151' title='bbox 365 2902 471 2964; x_wconf 90' lang='lat' dir='ltr'>neque</span> <span class='ocrx_word' id='word_1_152' title='bbox 487 2882 660 2963; x_wconf 90' lang='lat' dir='ltr'>Epiroticis</span> <span class='ocrx_word' id='word_1_153' title='bbox 675 2881 786 2962; x_wconf 89' lang='lat' dir='ltr'>paullo</span> <span class='ocrx_word' id='word_1_154' title='bbox 798 2880 962 2944; x_wconf 88' lang='lat' dir='ltr'>liberiores</span> <span class='ocrx_word' id='word_1_155' title='bbox 973 2881 1097 2944; x_wconf 86' lang='lat' dir='ltr'>litteras</span> 
     </span>
     <span class='ocr_line' id='line_1_25' title="bbox 164 2983 1097 3064; baseline -0.002 -16"><span class='ocrx_word' id='word_1_156' title='bbox 164 2986 371 3048; x_wconf 90' lang='lat' dir='ltr'>committere</span> <span class='ocrx_word' id='word_1_157' title='bbox 386 2983 503 3053; x_wconf 90' lang='lat' dir='ltr'>audeo.</span> <span class='ocrx_word' id='word_1_158' title='bbox 548 2999 576 3045; x_wconf 92' lang='lat'>2.</span> <span class='ocrx_word' id='word_1_159' title='bbox 602 2992 678 3045; x_wconf 90' lang='lat' dir='ltr'>sunt</span> <span class='ocrx_word' id='word_1_160' title='bbox 702 2991 813 3045; x_wconf 91' lang='lat' dir='ltr'>autem</span> <span class='ocrx_word' id='word_1_161' title='bbox 829 2992 904 3064; x_wconf 91' lang='lat' dir='ltr'>post</span> <span class='ocrx_word' id='word_1_162' title='bbox 918 2983 1097 3046; x_wconf 87' lang='lat' dir='ltr'>discessum</span> 
     </span>
     <span class='ocr_line' id='line_1_26' title="bbox 164 3084 1106 3168; baseline -0.003 -19"><span class='ocrx_word' id='word_1_163' title='bbox 164 3107 185 3149; x_wconf 88' lang='lat' dir='ltr'>a</span> <span class='ocrx_word' id='word_1_164' title='bbox 214 3105 268 3147; x_wconf 88' lang='lat' dir='ltr'>me</span> <span class='ocrx_word' id='word_1_165' title='bbox 297 3093 390 3146; x_wconf 93' lang='lat' dir='ltr'>tuum</span> <span class='ocrx_word' id='word_1_166' title='bbox 420 3104 471 3146; x_wconf 88' lang='lat' dir='ltr'>res</span> <span class='ocrx_word' id='word_1_167' title='bbox 500 3084 619 3166; x_wconf 86' lang='lat' dir='ltr'>dignae</span> <span class='ocrx_word' id='word_1_168' title='bbox 649 3084 764 3146; x_wconf 90' lang='lat' dir='ltr'>litteris</span> <span class='ocrx_word' id='word_1_169' title='bbox 794 3084 920 3159; x_wconf 88' lang='lat' dir='ltr'>nostris,</span> <span class='ocrx_word' id='word_1_170' title='bbox 946 3084 1004 3147; x_wconf 90' lang='lat' dir='ltr'>sed</span> <span class='ocrx_word' id='word_1_171' title='bbox 1031 3105 1106 3168; x_wconf 69' lang='lat' dir='ltr'>non</span> 
     </span>
     <span class='ocr_line' id='line_1_27' title="bbox 165 3183 1098 3267; baseline -0.004 -17"><span class='ocrx_word' id='word_1_172' title='bbox 165 3187 421 3251; x_wconf 89' lang='lat' dir='ltr'>committendae</span> <span class='ocrx_word' id='word_1_173' title='bbox 447 3186 516 3247; x_wconf 92' lang='lat' dir='ltr'>eius</span> <span class='ocrx_word' id='word_1_174' title='bbox 542 3185 631 3247; x_wconf 91' lang='lat' dir='ltr'>modi</span> <span class='ocrx_word' id='word_1_175' title='bbox 657 3183 800 3267; x_wconf 88' lang='lat' dir='ltr'>periculo</span> <span class='ocrx_word' id='word_1_176' title='bbox 822 3193 858 3246; x_wconf 90' lang='lat' dir='ltr'>ut</span> <span class='ocrx_word' id='word_1_177' title='bbox 884 3194 941 3247; x_wconf 92' lang='lat' dir='ltr'>aut</span> <span class='ocrx_word' id='word_1_178' title='bbox 969 3187 1098 3248; x_wconf 91' lang='lat' dir='ltr'>interire</span> 
     </span>
     <span class='ocr_line' id='line_1_28' title="bbox 164 3287 1106 3397; baseline -0.003 -45"><span class='ocrx_word' id='word_1_179' title='bbox 164 3298 223 3352; x_wconf 88' lang='lat' dir='ltr'>aut</span> <span class='ocrx_word' id='word_1_180' title='bbox 247 3288 364 3369; x_wconf 89' lang='lat' dir='ltr'>aperiri</span> <span class='ocrx_word' id='word_1_181' title='bbox 393 3298 450 3350; x_wconf 89' lang='lat' dir='ltr'>aut</span> <span class='ocrx_word' id='word_1_182' title='bbox 479 3287 626 3368; x_wconf 90' lang='lat' dir='ltr'>intercipi</span> <span class='ocrx_word' id='word_1_183' title='bbox 652 3287 785 3368; x_wconf 92' lang='lat' dir='ltr'>possint.</span> <span class='ocrx_word' id='word_1_184' title='bbox 830 3287 970 3368; x_wconf 90' lang='lat' dir='ltr'>primum</span> <span class='ocrx_word' id='word_1_185' title='bbox 1001 3287 1106 3397; x_wconf 58' lang='lat' dir='ltr'>igitur</span> 
     </span>
     <span class='ocr_line' id='line_1_29' title="bbox 164 3389 1096 3470; baseline -0.003 -16"><span class='ocrx_word' id='word_1_186' title='bbox 164 3391 248 3454; x_wconf 90' lang='lat' dir='ltr'>scito</span> <span class='ocrx_word' id='word_1_187' title='bbox 277 3389 418 3470; x_wconf 88' lang='lat' dir='ltr'>primum</span> <span class='ocrx_word' id='word_1_188' title='bbox 448 3410 501 3451; x_wconf 90' lang='lat' dir='ltr'>me</span> <span class='ocrx_word' id='word_1_189' title='bbox 530 3409 596 3452; x_wconf 95' lang='lat' dir='ltr'>non</span> <span class='ocrx_word' id='word_1_190' title='bbox 626 3410 696 3456; x_wconf 89' lang='lat' dir='ltr'>esse</span> <span class='ocrx_word' id='word_1_191' title='bbox 725 3398 875 3470; x_wconf 84' lang='lat' dir='ltr'>rogatum</span> <span class='ocrx_word' id='word_1_192' title='bbox 901 3391 1096 3451; x_wconf 87' lang='lat' dir='ltr'>sententiam</span> 
     </span>
     <span class='ocr_line' id='line_1_30' title="bbox 165 3491 1097 3576; baseline -0.004 -19"><span class='ocrx_word' id='word_1_193' title='bbox 165 3493 452 3576; x_wconf 88' lang='lat' dir='ltr'>praepositumque</span> <span class='ocrx_word' id='word_1_194' title='bbox 474 3506 545 3555; x_wconf 83' lang='lat' dir='ltr'>esse</span> <span class='ocrx_word' id='word_1_195' title='bbox 568 3493 662 3555; x_wconf 92' lang='lat' dir='ltr'>nobis</span> <span class='ocrx_word' id='word_1_196' title='bbox 684 3491 925 3574; x_wconf 89' lang='lat' dir='ltr'>pacificatorem</span> <span class='ocrx_word' id='word_1_197' title='bbox 945 3491 1097 3553; x_wconf 91' lang='lat' dir='ltr'>Allobro-</span> 
     </span>
     <span class='ocr_line' id='line_1_31' title="bbox 164 3593 1097 3679; baseline -0.005 -20"><span class='ocrx_word' id='word_1_198' title='bbox 164 3617 253 3679; x_wconf 87' lang='lat' dir='ltr'>gum,</span> <span class='ocrx_word' id='word_1_199' title='bbox 270 3597 368 3677; x_wconf 88' lang='lat' dir='ltr'>idque</span> <span class='ocrx_word' id='word_1_200' title='bbox 383 3600 650 3659; x_wconf 88' lang='lat' dir='ltr'>admurmurante</span> <span class='ocrx_word' id='word_1_201' title='bbox 669 3604 785 3658; x_wconf 89' lang='lat' dir='ltr'>senatu</span> <span class='ocrx_word' id='word_1_202' title='bbox 806 3615 912 3676; x_wconf 91' lang='lat' dir='ltr'>neque</span> <span class='ocrx_word' id='word_1_203' title='bbox 928 3614 980 3655; x_wconf 92' lang='lat' dir='ltr'>me</span> <span class='ocrx_word' id='word_1_204' title='bbox 996 3593 1097 3655; x_wconf 89' lang='lat' dir='ltr'>invito</span> 
     </span>
     <span class='ocr_line' id='line_1_32' title="bbox 164 3694 1097 3763; baseline -0.005 0"><span class='ocrx_word' id='word_1_205' title='bbox 164 3719 235 3763; x_wconf 85' lang='lat' dir='ltr'>esse</span> <span class='ocrx_word' id='word_1_206' title='bbox 251 3698 382 3761; x_wconf 89' lang='lat' dir='ltr'>sactum.</span> <span class='ocrx_word' id='word_1_207' title='bbox 425 3718 498 3760; x_wconf 90' lang='lat' dir='ltr'>sum</span> <span class='ocrx_word' id='word_1_208' title='bbox 518 3699 604 3761; x_wconf 90' lang='lat' dir='ltr'>enim</span> <span class='ocrx_word' id='word_1_209' title='bbox 625 3707 658 3762; x_wconf 91' lang='lat' dir='ltr'>et</span> <span class='ocrx_word' id='word_1_210' title='bbox 677 3698 720 3760; x_wconf 93' lang='lat' dir='ltr'>ab</span> <span class='ocrx_word' id='word_1_211' title='bbox 741 3695 945 3760; x_wconf 88' lang='lat' dir='ltr'>observando</span> <span class='ocrx_word' id='word_1_212' title='bbox 965 3694 1097 3758; x_wconf 90' lang='lat' dir='ltr'>homine</span> 
     </span>
    </p>
   </div>
   <div class='ocr_carea' id='block_1_10' title="bbox 0 0 1378 4144">
    <p class='ocr_par' dir='ltr' id='par_1_10' title="bbox 0 0 1378 4144">
     <span class='ocr_line' id='line_1_33' title="bbox 0 0 1378 4144; baseline 0 1"><span class='ocrx_word' id='word_1_213' title='bbox 0 0 1378 4144; x_wconf 95' lang='lat' dir='ltr'> </span> 
     </span>
    </p>
   </div>
  </div>
 </body>
</html>
