2748 4144
224 265 263 317 40
388 246 688 305 sarstoinaum
717 231 996 306 anxiricum

223 396 430 477 pedariorum
450 396 628 470 voluntate,
650 396 767 458 nullius
791 404 937 458 nostrum
962 397 1155 459 auctoritate

224 496 355 562 iactmn.
399 518 485 572 nam,
501 501 589 580 quod
606 519 658 560 me
677 519 747 560 esse
769 499 811 560 ad
829 499 1035 562 scribendum
1053 500 1153 587 vides,

223 619 267 660 ex
283 601 353 680 ipso
367 610 498 662 senatus
514 601 662 662 consulto
678 601 855 682 intelligere
868 610 961 683 potes
974 602 1070 664 aliam
1085 622 1153 665 rem

224 710 295 764 tum
325 700 472 777 relatam,
495 702 559 765 hoc
586 711 696 766 autem
727 704 769 765 de
798 703 926 785 populis
955 703 1062 767 liberis
1085 707 1155 767 sine

223 823 321 865 causa
336 804 500 865 additum:
524 812 557 866 et
571 806 617 866 ita
635 803 756 866 facturn
776 814 825 867 est
840 825 860 866 a
876 804 909 866 P.
926 803 1062 867 Servilio
1078 803 1155 877 filio,

224 906 279 987 qui
303 907 336 967 in
363 907 536 987 postremis
559 907 755 966 sententiam
784 906 879 979 dixit,
907 906 966 968 sed
990 905 1154 967 immutari

223 1008 287 1091 ltoc
315 1016 464 1090 tempore
489 1028 555 1070 non
585 1015 701 1089 potest.
741 1009 852 1088 itaque
882 1015 1069 1082 conventus,
1098 1007 1155 1087 qui

224 1114 317 1175 initio
336 1111 592 1185 celebrabantur,
610 1112 675 1172 iarn
696 1110 752 1172 diu
770 1111 838 1173 fieri
857 1111 1029 1172 desierunt.
1073 1118 1109 1171 tu
1127 1111 1154 1172 si

223 1214 288 1275 tuis
312 1211 479 1276 blanditiis
503 1220 614 1273 tamen
638 1231 658 1273 a
682 1211 843 1291 Sicyoniis
868 1210 1074 1273 numulorum
1097 1209 1155 1272 ali»

223 1315 303 1397 quid
327 1315 532 1396 expresseris,
556 1313 654 1376 velim
679 1333 732 1375 me
755 1312 854 1375 facias
881 1315 1058 1376 certiorem.
1108 1328 1153 1375 10.

223 1421 494 1483 commentarium
509 1418 696 1482 consulatus
716 1421 780 1481 mei
797 1418 920 1481 Graece
937 1417 1154 1498 compositum

223 1521 295 1582 misi
311 1519 354 1581 ad
375 1528 427 1581 te:
450 1521 483 1581 in
498 1538 564 1601 quo
578 1521 605 1581 si
628 1520 707 1600 quid
722 1521 781 1582 erit
797 1519 886 1600 quod
902 1519 1024 1580 homini
1039 1518 1154 1581 Attico

223 1624 328 1683 minus
347 1620 509 1683 Graecum
529 1619 758 1700 eruditumque
773 1620 930 1694 videatur,
951 1639 1016 1681 non
1037 1619 1153 1692 dicam,

223 1722 311 1803 quod
326 1721 396 1797 tibi,
410 1730 446 1782 ut
460 1721 584 1802 opinor,
598 1719 772 1783 Panhormi
785 1720 938 1782 Lucullus
955 1720 996 1782 de
1010 1722 1076 1782 suis
1090 1718 1154 1782 his-

223 1826 313 1886 toriis
325 1825 463 1896 dixerat,
479 1844 523 1897 se,
539 1843 605 1905 quo
621 1822 745 1886 facilius
760 1823 832 1886 illas
847 1823 1000 1905 probaret
1013 1823 1154 1884 Romani

222 1925 363 1987 hominis
383 1944 463 1997 esse,
485 1923 604 1985 idcirco
623 1922 761 1985 barbara
781 1924 944 2005 quaedam
965 1932 999 1985 et
1023 1920 1156 1986 σόλοικα

223 2025 429 2107 dispersisse:
457 2022 545 2104 apud
569 2043 622 2084 me
646 2024 672 2084 si
696 2024 774 2103 quid
800 2025 860 2085 erit
887 2024 954 2085 eius
981 2023 1078 2098 modi,
1102 2042 1155 2086 me

223 2127 430 2208 imprudente
446 2127 505 2186 erit
520 2133 553 2186 et
569 2126 679 2186 invito,
711 2124 866 2186 Latinum
882 2126 909 2187 si
924 2123 1096 2205 perfecere,
1112 2125 1155 2188 ad

222 2236 257 2290 te
280 2228 418 2291 mittam.
463 2226 595 2287 tertium
623 2231 743 2306 poema
765 2234 965 2306 exspectato,
996 2245 1038 2287 ne
1066 2224 1155 2308 quod

222 2348 326 2410 genus
341 2347 361 2389 a
376 2347 429 2389 me
444 2327 515 2408 ipso
535 2325 641 2388 laudis
662 2345 756 2388 meae
771 2328 1059 2407 praetermittatur.
1103 2324 1156 2389 hic

222 2439 259 2492 tu
275 2449 354 2491 cave
369 2428 467 2502 dicaS,
488 2425 536 2493 ris
555 2421 825 2510 πατέρ’.αἰνὴσει;
848 2429 875 2489 si
894 2436 944 2489 est
960 2430 1046 2491 enim
1067 2429 1155 2512 apud

223 2530 372 2594 homines
395 2529 575 2610 quidquam
595 2526 684 2608 quod
705 2529 814 2608 potius
837 2531 889 2603 sit,
910 2529 1074 2592 laudetur:
1095 2551 1155 2593 nos

223 2632 452 2712 vituperemur,
467 2630 523 2709 qui
537 2647 604 2689 non
626 2629 734 2709 potius
749 2627 812 2690 alia
828 2627 1004 2692 laudemus.
1041 2649 1156 2711 quam·

224 2749 323 2812 quam
347 2749 413 2791 non
437 2726 674 2809 ἐγκωμιαστικὰ
701 2738 779 2791 sunt
802 2729 893 2805 haec,
919 2730 978 2793 sed
1002 2728 1154 2814 ίστορικά,

224 2849 309 2912 quae
325 2830 502 2892 scribimus,
555 2845 601 2892 11.
618 2826 761 2909 Quintus
776 2828 880 2893 frater.
890 2841 1008 2913 purgat
1022 2853 1057 2895 se
1073 2834 1155 2895 mul·

224 2945 295 2997 tum
310 2952 368 3013 per
385 2932 510 2995 litteras
530 2940 564 2993 et
583 2931 736 2995 adfirmat
751 2932 830 2996 nihil
848 2954 869 2997 a
886 2954 922 2996 se
943 2937 1094 3015 cuiquam
1114 2939 1156 3000 de

223 3045 258 3098 te
285 3055 378 3099 secus
407 3054 477 3097 esse
507 3033 638 3097 dictum.
683 3054 795 3096 verum
820 3034 901 3098 haec
927 3036 1020 3098 nobis
1047 3058 1156 3101 coram

223 3157 352 3201 summa
373 3157 450 3199 cura
473 3144 507 3199 et
533 3136 702 3218 diligentia
723 3146 801 3199 sunt
824 3137 971 3219 agenda:
996 3147 1032 3201 tu
1056 3140 1157 3203 modo

224 3260 284 3333 nps
304 3239 407 3300 revise
426 3236 612 3317 aliquando.
657 3234 825 3299 Cossinius
843 3238 904 3313 hic,
929 3238 981 3300 cui
1005 3239 1082 3302 dedi
1104 3240 1156 3303 lit·

223 3352 318 3414 teras,
333 3339 431 3402 valde
442 3339 522 3402 mihi
536 3340 642 3402 bonus
656 3338 757 3402 homo
773 3349 806 3402 et
821 3360 888 3404 non
904 3341 982 3403 levis
998 3350 1032 3404 et
1043 3360 1156 3407 amans

225 3446 273 3507 tui
291 3445 379 3507 visus
398 3450 448 3506 est
465 3450 500 3505 et
519 3442 603 3517 talis,
629 3442 760 3524 qualem
784 3463 854 3507 esse
879 3465 952 3508 eum
974 3456 1051 3511 tuae
1077 3447 1156 3511 mihi

223 3545 351 3608 litterae
368 3545 568 3609 nunciarunt„
614 3545 728 3608 Idibus
745 3544 880 3611 Martiis.
